2060 3342
263 259 289 300 50
503 260 599 302 Antonii
612 264 737 312 Baracnsc's

765 335 977 344 ——-·—-—-—-—-—

208 425 209 428 ,
261 389 331 431 frater
345 391 469 432 Jeronimus
483 392 509 433 de
524 394 566 433 Per
577 392 580 448 1
591 393 644 443 usic,
656 393 727 434 irater
739 392 818 433 Petrus
832 392 858 433 de
872 392 976 443 Sardinia,

261 461 332 503 frater
345 462 448 504 Nicotaus
462 464 488 504 de
502 463 590 513 Ariano,
604 465 675 506 frater
688 466 718 505 Pe
729 462 732 518 1
742 463 791 504 trus
801 464 826 504 de
835 463 931 516 Neapoli.
941 465 975 517 Hij

261 544 336 574 omnes
350 534 415 575 erant
427 534 544 576 doctissimi
554 536 603 584 viri,
614 537 650 587 qui
660 546 734 576 omnes
745 533 748 588 1
759 534 886 576 obtulerunt
896 546 919 576 se
929 547 976 587 pre·

261 605 317 646 dioto
327 607 425 658 generali
436 606 602 658 predicatorum,
610 608 632 648 et
639 605 776 648 concorditer
784 604 843 660 adiri
853 608 976 657 marerunt,

260 677 343 718 nuliam
353 677 436 719 habere
449 678 472 718 in
487 689 510 719 sc
523 678 664 727 divisionem3
679 678 713 719 set
726 689 801 719 omnes
811 688 858 719 esse
868 679 923 718 bono
933 680 977 719 ani-

188 760 190 764 ’
260 759 301 797 mo,
313 747 316 803 1
327 750 353 790 ad
367 749 447 790 bonum
461 749 483 790 et
497 749 619 801 profectum
632 749 720 790 ordinis.
735 749 763 789 Et
778 749 824 801 ipse
838 750 903 790 abbas
916 749 976 791 testi-

150 1997 217 2028 XXVII.

145 2046 221 2075 iohannes

131 2093 237 2123 Urbcveinunu

135 2140 230 2178 (mab-1123).

261 820 338 861 ficatus
352 820 391 869 est,
403 819 406 874 1
417 822 448 861 sic
462 831 522 869 esse;
537 820 559 861 et
569 831 646 862 omnes
658 820 740 861 iratres
750 821 789 861 sub
799 821 976 863 eiusobedientia

260 891 355 934 fideliter
368 886 451 934 uivere.
461 892 519 936 Quod
534 891 644 944 predictus
655 890 658 946 1
669 892 785 943 generalis,
799 892 835 933 vir
849 892 944 943 prudens
953 893 976 934 et

260 962 341 1013 doctus,
355 964 410 1005 bene
424 963 497 1004 omnia
511 963 657 1012 considerans,
672 963 725 1004 intei
737 961 740 1017 1
751 963 806 1004 texit
818 963 910 1005 fratrem
920 966 975 1005 Gen-

259 1034 320 1088 tilem
338 1034 494 1083 accusatorem,
513 1034 710 1087 viruminiquum,
729 1035 750 1076 ci
761 1033 764 1088 Ι
776 1035 857 1076 malum
874 1045 934 1084 esse;
953 1036 974 1077 ei

259 1105 340 1155 repulit
353 1117 367 1146 a
381 1117 416 1158 se,
431 1106 453 1146 et
467 1105 561 1146 consulit
574 1091 673 1147 abbatem
693 1106 715 1146 et
732 1106 786 1147 aiios
800 1107 887 1155 fratres,
899 1104 902 1160 1
915 1108 938 1146 ut
951 1107 974 1147 in

258 1176 334 1217 ordine
348 1177 423 1217 nostro
434 1177 526 1228 amplius
540 1187 584 1217 non
599 1177 749 1229 reciperetur,
763 1178 785 1218 et
799 1177 830 1218 sic
843 1177 925 1218 factum
935 1179 974 1218 est.

258 1246 309 1289 Post
320 1245 323 1301 1
334 1248 420 1288 modum
433 1248 488 1289 bene
502 1248 614 1289 edificatus
632 1248 658 1289 de
675 1248 791 1307 regimine
800 1248 882 1290 ordinis
898 1249 974 1298 nostri,

258 1318 380 1370 licentiavit
391 1318 393 1373 1
404 1319 504 1360 abbatem
518 1319 540 1360 ct
554 1320 607 1360 alios
623 1319 710 1369 iratres,
726 1319 762 1372 qui
777 1320 806 1360 ibi
820 1320 934 1369 venerant,
949 1320 974 1361 ut

257 1390 281 1431 in
296 1401 348 1442 pace
368 1391 426 1432 irent
438 1390 475 1444 (11.
490 1390 559 1431 Huius
570 1389 573 1445 1
583 1390 687 1442 tempore,
701 1391 757 1433 idest
775 1402 833 1432 anno
851 1392 921 1443 primo
940 1389 977 1433 sui

257 1462 385 1510 abbatiatus,
402 1462 501 1503 habitum
519 1462 553 1502 est
571 1462 727 1503 monasterium
739 1460 742 1515 1
753 1463 827 1503 Sancti
841 1463 928 1514 Georgii
947 1464 973 1503 de

256 1534 368 1581 Ferraria,
376 1534 432 1584 quod
442 1534 512 1573 ordini
522 1533 597 1573 nostro
607 1534 734 1584 procuravit
743 1535 838 1574 Domnus
848 1534 874 1574 Ni
886 1531 889 1587 1
900 1533 972 1574 colans

257 1604 355 1645 Marchio
377 1602 541 1658 [E]stensis(c),
563 1604 661 1645 dominus
681 1605 791 1653 Ferraria,
810 1615 838 1645 ex
859 1605 972 1646 devotione

257 1685 321 1727 quam
332 1673 335 1729 1
346 1675 418 1717 ordini
430 1676 506 1717 nostro
520 1675 614 1716 habebat
625 1674 663 1729 (2).

560 1849 668 1889 XXVII.
682 1871 684 1874 ·

282 1983 406 2035 Vig'esimus
415 1982 520 2034 septimus
529 1984 594 2024 abbas
606 1983 666 2035 [fnit]
678 1983 749 2025 frater
758 1983 869 2024 iohannes
879 1984 905 2025 de
912 1985 971 2025 Urbe

255 2054 333 2104 veteri,
348 2055 385 2107 qui
399 2066 470 2106 supra,
482 2053 484 2108 1
496 2055 591 2095 secundo
609 2055 698 2102 eiectae,
712 2055 734 2096 et
748 2055 836 2095 duravit
854 2055 917 2095 annis
931 2056 970 2096 tri-

255 2127 294 2166 bus
305 2125 344 2179 (3).
358 2126 429 2166 Huius
442 2118 540 2177 tempore
554 2125 653 2166 habitum
668 2125 701 2166 est
711 2126 866 2167 monasterium
877 2125 880 2180 1
891 2127 970 2167 Sancte

254 2197 323 2238 Mario
338 2197 477 2238 Annunciate
491 2198 517 2238 de
526 2197 631 2249 Arimino,
645 2196 701 2238 idest
711 2198 770 2245 1422,
780 2197 813 2238 set
822 2196 903 2238 fratres
914 2195 968 2250 noni

254 2268 412 2311 habitaverunt
422 2268 476 2309 illud
485 2269 512 2310 ad
521 2278 590 2310 annos
603 2267 688 2309 Domini
699 2269 757 2317 1430,
767 2269 818 2320 quia
831 2279 874 2309 non
889 2266 970 2323 era[n]t

278 2459 304 2506 (a)
317 2458 376 2495 Text.
392 2459 416 2506 A,
429 2457 456 2494 B:
474 2457 571 2495 Ostiensis.

277 2552 303 2602 (1)
316 2553 358 2589 cfr.
378 2552 538 2600 LANomLLo'rri,
556 2564 586 2599 op,
603 2552 643 2600 cit,
661 2550 677 2599 ΙΙ
693 2552 723 2599 39,
740 2551 772 2600 403
789 2551 858 2589 caron.
875 2551 966 2599 Oanccii,

252 2612 530 2720 1ρο1121240112ῗ111000110001,
544 2670 659 2719 op,011.,11,
673 2670 718 2719 1955
733 2671 851 2707 anrmnn.
865 2671 924 2718 Tra,
937 2672 965 2718 Π,

253 2742 285 2767 an.
300 2731 353 2778 1417,
367 2743 386 2778 p.
401 2731 443 2767 127.
888 2740 890 2744 ·

277 2789 302 2836 (31
315 2790 333 2825 Α
346 2789 393 2826 Kal.
411 2789 461 2827 maii
478 2790 525 2827 1420
541 2791 566 2827 ad
582 2790 629 2827 Kal.
647 2789 711 2827 maias
727 2789 779 2826 1423.
798 2788 829 2827 df.
848 2790 965 2826 FAMIMAR.

189 2827 191 2830 ⁴
252 2847 311 2895 ria,
324 2849 352 2895 rr,
366 2863 384 2896 p.
399 2849 441 2886 raa
