2060 3342
1 312 7 332 Ιέ
73 317 141 331 ae—o-

268 242 395 282 Gltroatooa
408 244 491 285 Moattc
508 245 585 300 Oltoct'
757 245 783 285 25

84 378 124 425 eti;
138 374 162 415 iu
176 383 218 426 quo
233 372 279 414 tam
297 373 321 413 in
338 383 407 424 yeme,
421 362 485 425 quam
503 372 525 413 in
543 374 617 423 estate,
632 386 686 427 pene
698 374 700 429 Ι
711 375 781 417 totum

82 448 159 490 fficium
172 443 288 486 decantant
301 444 395 491 tratrem
409 455 438 485 ex
452 443 616 505 quibusaliqui,
630 445 676 486 tum
691 445 781 496 propter

103 550 115 571 0

68 590 149 646 prolixe
159 588 291 637 extenditur,
303 586 305 641 Ι
317 588 363 627 tum
378 588 468 639 propter
477 587 582 627 ieiunium
592 587 614 627 et
623 587 715 638 vigilias,
726 588 779 638 lapsi

66 660 193 714 aliquotiens
201 660 313 708 cantando,
321 671 358 701 seu
368 659 371 714 Ι
380 660 471 712 legendo
479 659 605 700 oeciderunt
613 659 634 699 in
642 660 709 699 terra.
717 659 779 699 Unde

66 734 150 788 quidam
165 730 314 775 Bartolomeus
329 731 355 773 de
366 729 368 785 Ι
380 730 475 779 Mantua,
488 730 609 777 virbonus,
624 729 660 780 qui
676 737 746 780 nuper
756 729 778 769 in

65 802 148 847 dhristo
158 801 273 844 defunctus
282 802 316 842 est
326 800 364 855 (l),
380 802 402 841 in
414 801 507 841 medium
519 798 521 854 Ι
533 799 652 852 protertur,
663 810 690 839 ne
699 799 779 839 frivola

65 875 104 917 tari
118 874 237 915 videamur.
252 874 292 915 Hic
306 874 364 915 enim
381 885 436 922 oum,
450 874 502 914 aute
513 872 515 927 Ι
527 873 651 924 analogium
666 883 715 913 cum
730 871 777 912 aliis

64 946 167 994 cantaret,
182 946 259 987 cecidit
271 946 371 999 interra,
385 957 429 987 nou
443 944 577 986 infirmitatis
592 955 663 992 causa,
675 942 678 997 Ι
690 944 726 985 sed
741 955 777 995 po·

63 1020 110 1066 tius,
118 1017 142 1060 ut
149 1017 320 1069 prescripsimus,
328 1017 470 1069 lapsitudiuis.
478 1019 504 1056 ln
513 1016 608 1067 capitulo
617 1015 690 1056 autem
703 1013 705 1068 Ι
716 1017 777 1055 tran-

0 1108 2 1135 s
62 1090 119 1133 sacto
133 1090 160 1130 ad
174 1101 290 1132 numerum
299 1090 382 1141 reperti
392 1090 450 1137 suut,
460 1090 573 1141 plusquam
584 1087 723 1140 quadrigenti
732 1086 776 1128 ira·
840 1123 857 1147 a
893 1097 1021 1130 «r

0 1150 1 1154 ¹
61 1165 110 1210 tres,
122 1161 125 1216 Ι
136 1161 256 1204 existentes
275 1162 409 1203 unanimiter
427 1162 450 1201 in
469 1161 581 1212 religione.
596 1161 624 1201 Et
643 1159 736 1212 quidem,
750 1159 775 1198 ut

61 1235 165 1286 quondam
177 1233 179 1288 Ι
191 1235 218 1274 ad
227 1235 301 1283 David,
311 1236 424 1287 postquam
434 1246 549 1275 numerum
556 1234 627 1286 populi
636 1235 669 1274 sui
677 1233 773 1285 agnovit,

59 1305 138 1346 dictum
152 1305 191 1353 est,
203 1303 230 1358 ta
244 1305 334 1346 Domino
353 1316 392 1357 per
409 1305 549 1357 prophetam:
566 1306 640 1345 Trium
655 1304 695 1344 tibi
708 1303 773 1344 datur

59 1375 138 1427 o[p]tio
152 1375 174 1416 et
188 1375 262 1417 cetera
273 1375 309 1428 (2),
323 1386 349 1416 ac
363 1376 388 1416 de
399 1374 402 1429 Ι
413 1375 463 1416 inde
473 1375 583 1427 grassavit
593 1374 664 1415 valida
674 1374 740 1425 pestis
750 1374 772 1413 in

59 1448 140 1499 populo,
151 1447 181 1488 ita
191 1458 276 1500 quoque
285 1448 308 1489 et
317 1459 381 1488 uuuo.
391 1448 424 1489 No
436 1446 438 1501 Ι
450 1447 531 1488 verunt
540 1445 601 1488 certe
612 1446 772 1487 multitudinem

58 1518 156 1566 fratrum,
175 1529 216 1559 nec
234 1519 307 1559 tamen
326 1520 383 1560 Deus
404 1517 504 1558 adiunxit
524 1517 605 1558 tratres
617 1515 620 1570 Ι
631 1516 771 1565 multitudini,

57 1601 114 1641 quyn
128 1589 199 1642 potius
214 1590 330 1631 subtraxit.
342 1590 372 1630 Ut
386 1590 499 1638 discamus,
510 1601 553 1630 uon
565 1588 567 1644 Ι
578 1589 600 1630 in
611 1589 706 1630 fratrum
717 1590 772 1629 mul-

56 1660 176 1709 titudinem,
191 1672 249 1712 spem
264 1660 464 1713 exultationemque
477 1661 565 1708 habere,
581 1661 613 1702 set
628 1661 650 1700 iu
664 1659 769 1714 Domino(

56 1731 77 1771 et
90 1731 113 1771 iu
127 1731 252 1772 virtutibus.
267 1732 347 1773 Mortui
362 1733 413 1771 sunt
427 1742 480 1783 ergo
495 1731 520 1771 de
535 1731 578 1771 hac
592 1730 689 1782 presenti
703 1731 770 1783 peste,

55 1815 95 1855 que
113 1806 135 1844 in
147 1803 150 1858 Ι
162 1805 208 1845 tota
225 1816 280 1857 pene
298 1805 370 1856 viguit
387 1804 455 1853 ltalia,
474 1804 555 1846 iratres
575 1806 644 1847 ferme
663 1806 769 1859 quiuqua-

55 1875 115 1926 ginta
130 1875 168 1929 (3).
187 1878 256 1917 Porro
267 1876 270 1931 Ι
281 1877 380 1929 regimen
399 1878 480 1919 ordinis
501 1878 571 1919 nostri
590 1890 677 1930 semper
695 1879 770 1919 extitit

54 1945 166 1987 uniforme.
185 1948 241 1999 Mam
264 1948 341 1989 crebro
360 1959 396 1988 mu
409 1946 411 2002 Ι
422 1948 492 1988 tatum
510 1949 544 1989 est
565 1960 603 2000 pro
621 1949 725 2000 tempore,
744 1951 769 1990 ut

53 2010 128 2057 melius
143 2018 260 2059 maioribus
274 2019 345 2059 visum
360 2018 406 2059 tuit.
422 2021 463 2060 Ore
474 2018 476 2073 Ι
489 2020 709 2073 scerrtlbus{1tamquo
723 2031 768 2060 mo·

53 2089 153 2130 nasteriis
163 2101 189 2131 ac
198 2090 309 2139 tratribus,
320 2091 461 2142 multiplicate
469 2090 520 2132 sunt
530 2092 620 2133 volunta
631 2090 634 2146 Ι
645 2093 678 2133 tes
688 2104 768 2134 eorun-

52 2159 103 2200 dem.
114 2161 218 2203 Preterea
227 2163 250 2223 iu
260 2163 365 2214 principio
376 2164 457 2204 ordinis
468 2164 626 2206 ordinaverunt
636 2166 663 2206 ab
674 2163 677 2219 Ι
688 2165 767 2216 batem,

51 2242 93 2272 uno
103 2232 187 2274 tantum
198 2245 255 2276 anuo
267 2235 397 2276 duraturum
413 2236 435 2276 in
449 2237 518 2277 officio
533 2237 654 2278 abbatiatus
670 2238 702 2279 sui
712 2238 750 2292 (l).
762 2222 766 2276 t

53 2350 194 2358 Ἢ

71 2422 97 2469 [1)
106 2422 146 2459 Hic
154 2422 325 2461 Bartholomaeus
333 2424 357 2461 de
363 2424 450 2462 Mantua
458 2426 501 2462 fuit
510 2426 565 2472 prior
574 2427 693 2475 monasterii
701 2429 726 2465 ad
734 2441 766 2465 oa-

49 2483 115 2518 strum
121 2483 188 2519 sancti
195 2482 317 2529 Geminiani,
327 2486 348 2520 et
355 2483 406 2529 obiit
413 2497 429 2522 a.
437 2485 489 2522 1450.
499 2484 570 2533 [Maca.
579 2485 638 2524 Oulv.
646 2488 672 2524 ud
678 2488 764 2537 uacuuml.

72 2539 200 2588 (2)11Ruu.
214 2539 291 2590 XXIV,
306 2545 335 2579 12.

70 2599 95 2646 (3)
109 2600 186 2648 Agitur
192 2601 280 2639 fortasse
287 2602 311 2639 de
317 2603 436 2650 pestilentia
441 2603 552 2641 Mediolani
558 2605 675 2653 praecipue,
683 2619 700 2644 a.
708 2608 761 2655 1450,

47 2663 158 2702 grassante.
173 2661 203 2697 Of.
218 2661 238 2697 S.
253 2662 411 2709 Luxouuuorrr,
425 2663 545 2717 L'Hopyiolt,
559 2665 620 2701 Parte
637 2666 710 2714 prima,
725 2667 763 2704 Ve-

47 2717 107 2764 netia,
121 2720 149 2756 M.
158 2720 199 2757 DC.
207 2720 291 2769 LXXV,
307 2734 326 2769 p.
341 2722 382 2758 523.

69 2776 95 2824 (4Ι
108 2780 227 2827 Approbata
235 2781 398 2829 Oongrogatioue
407 2782 431 2819 ab
441 2783 535 2831 episcopo
544 2784 638 2831 Aretiuo,
649 2785 762 2833 diplomate

76 516 172 564 aneitudi
183 514 185 569 Ι
197 526 246 561 nem
257 515 341 562 cantus,
348 514 394 555 tum
404 514 494 567 propter
504 515 639 562 exercitium,
650 515 705 567 quod
715 516 779 556 nimis
827 508 829 511 ’

805 1888 894 1919 Voluptates

787 1936 886 1973 multiplican-

778 1990 779 1993 ’
787 1988 816 2012 tur.

45 2844 82 2871 suo
95 2836 135 2876 diei
148 2839 219 2876 XXVI
235 2841 305 2878 martit
321 2841 375 2890 1319,
389 2842 459 2881 statim
474 2842 560 2893 eligitur
573 2843 595 2881 in
608 2844 710 2895 abbatem,
723 2847 761 2883 Pa-
