2060 3342
261 242 389 283 Oltrootcoo
402 244 485 285 Meldis
503 245 580 287 cumn·
749 248 775 286 43

61 370 240 416 constitutionum
251 370 254 426 t
265 371 348 414 ordinis
366 372 389 414 et
409 372 440 414 sic
456 373 547 416 fuerunt
564 377 662 419 correcte
679 378 702 419 et
719 377 776 419 ordi-

60 445 117 493 nate,
132 454 190 486 anno
203 444 289 485 Domini
300 442 303 498 l
315 445 372 493 1392,
382 454 422 497 per
436 444 553 496 capitulum
566 449 675 498 generale,
685 449 725 491 Hic
734 449 776 491 suit

61 517 97 559 vir
110 515 173 557 valde
187 514 247 557 utilis
265 516 335 558 ordini
346 514 349 570 l
360 515 442 557 nostro.
457 517 575 569 Exemplar
591 518 615 559 in
633 520 738 568 omnibus,
752 521 775 561 in

61 587 124 642 gestu
138 588 236 640 corporis
250 588 272 629 et
281 587 392 641 gravitate
402 587 404 642 l
415 599 507 629 morum.
517 590 595 630 Gravis
608 591 702 642 aspectu,
712 603 775 644 appe-

61 658 132 702 rentie
150 659 290 709 venerabilis
308 659 330 701 et
348 671 383 701 ma
394 658 397 713 Ι
408 670 451 712 gne
468 661 615 702 observantie.
631 662 671 702 Hic
688 663 776 704 ornavlt

61 720 190 782 religionem
207 730 308 783 plurimis
326 729 369 786 hot
382 731 450 773 uestis
469 743 494 773 ec
511 731 594 774 devotis
611 733 735 775 cerimoniis
754 735 776 775 et

61 801 257 851 constitutionibus,
271 803 362 844 dilectus
377 802 553 857 etmultitudlne
571 793 671 845 fratrum.
690 805 775 846 Invisus

61 873 188 927 quibusdem
201 874 301 927 patribus
315 874 404 916 ordinis.

373 1043 464 1084 XVIII.

86 1173 187 1215 Decimus
201 1171 290 1217 octavus
304 1173 369 1214 abbas
381 1173 423 1214 luit
436 1173 507 1215 trater
521 1174 652 1215 Laurentius
662 1175 776 1216 sereneo-

60 1246 88 1287 lai
100 1245 103 1300 l
114 1246 140 1286 de
153 1245 248 1294 Pernsto,
259 1244 281 1286 et
290 1245 378 1286 duravit
387 1246 450 1286 anuis
464 1245 535 1286 tribus
545 1244 584 1299 (l).
598 1246 668 1286 Hulus
677 1245 775 1298 tempore

60 1317 202 1359 constitutum
214 1315 216 1371 l
228 1317 267 1365 est,
282 1316 338 1368 qnod
351 1317 425 1356 nullus
438 1316 510 1357 trater
524 1316 607 1357 hebens
623 1317 732 1358 ltcentiem
748 1318 774 1359 ab

60 1389 137 1430 abbate
151 1388 186 1429 vel
200 1387 287 1429 ulsitsto
302 1385 305 1441 t
319 1398 350 1436 re,
364 1387 466 1428 veniendi
475 1388 503 1428 ed
512 1387 637 1439 capitulum,
651 1399 695 1429 nou
709 1389 776 1440 possit

816 1180 877 1210 XVIII.

802 1230 898 1258 Lem-eutius

801 1276 827 1305 Sei·
838 1276 895 1305 Nicolrii

805 1324 888 1352 Perusinus

800 1370 897 1409 (isse-mos).

59 1460 111 1513 eligi
125 1470 164 1512 pro
178 1470 231 1500 voce
243 1458 245 1513 l
257 1459 291 1499 sni
300 1459 427 1507 conventus,
437 1459 464 1500 ad
474 1459 568 1500 eundum
578 1459 604 1500 ad
614 1459 743 1511 capitulum
754 1460 775 1501 et
805 1486 808 1492 ,

59 1532 102 1573 hoc
110 1531 200 1583 propter
209 1530 314 1579 fraudem,
323 1528 326 1584 l
336 1541 377 1583 que
391 1530 463 1582 posset
472 1530 528 1571 fieri.
537 1531 592 1572 Item
602 1530 644 1571 tuit
652 1532 776 1573 ordiiiatum

43 1588 47 1598 Ἀ
60 1604 83 1644 in
96 1603 197 1655 capitulo,
212 1603 268 1655 quod
277 1603 300 1643 in
312 1602 372 1644 resec
383 1600 385 1656 l
397 1601 454 1643 torio
468 1602 494 1643 ed
509 1603 670 1651 comestionem,
686 1603 776 1655 quilibet

60 1674 129 1715 freter
138 1673 231 1716 haberet
241 1674 360 1725 portionem
370 1673 457 1725 plasten
469 1672 471 1727 l
482 1673 512 1714 tie
521 1675 547 1714 de
557 1685 596 1725 per
606 1685 635 1715 se.
646 1675 701 1715 Nam
711 1676 776 1715 antee

59 1746 141 1787 duobus
155 1746 260 1786 lintribus
275 1745 339 1785 simul
354 1745 452 1786 dabatur.
464 1743 467 1798 l
478 1745 519 1785 Hic
533 1745 575 1786 tuit
592 1746 627 1786 vlr
644 1746 739 1797 prudeus
753 1746 776 1787 et

60 1818 132 1859 zelans
147 1828 184 1869 pro
194 1817 276 1871 ordlney.
291 1817 331 1857 ch
345 1816 396 1858 lecit
407 1815 410 1870 1
422 1816 514 1857 fundere
528 1816 631 1868 palctlum
646 1818 702 1869 qnod
717 1828 776 1857 nuuc

60 2006 247 2044 constitutionibus
266 2006 299 2044 vel
318 2006 368 2043 alies
382 2005 561 2054 qualitercumque
575 2006 663 2054 quesite,
683 2007 721 2043 ubi
739 2018 775 2055 per

59 2067 133 2103 futuru
150 2069 248 2114 tempore,
261 2066 283 2102 in
296 2066 376 2113 prefato
391 2068 462 2102 nostro
479 2065 603 2102 monasterio
620 2065 700 2103 ciccum
714 2078 775 2113 gene-

59 2126 101 2163 rele
118 2126 238 2174 Capitulum
251 2129 298 2162 tute
310 2125 379 2163 vulcat
396 2124 508 2172 celebrar13
527 2125 562 2161 sod
574 2124 645 2173 potius
659 2125 714 2162 freti.
720 2125 774 2173 Juris

59 2186 153 2223 comunis
171 2185 261 2222 remedio
278 2196 303 2221 ex
318 2184 385 2221 forme
402 2183 485 2221 consilii
503 2196 565 2232 super
583 2184 620 2221 tuli
637 2184 724 2221 moterlo
738 2196 775 2233 per

57 2245 112 2293 juris
128 2245 206 2293 peritos
222 2244 271 2292 deti,
288 2244 364 2281 clarius
380 2244 498 2292 apporenti3
517 2243 604 2292 scilicet,
619 2244 673 2292 quod
687 2244 710 2280 in
725 2256 775 2281 cusu

58 2305 157 2353 predicto,
171 2304 252 2352 quondo
262 2316 303 2341 nou
312 2307 381 2352 potest
394 2303 494 2345 celebrari
506 2303 626 2352 Capitulum
635 2304 656 2340 in
665 2304 775 2352 principali

59 2364 183 2402 monasterio
196 2367 267 2400 nostro
284 2367 368 2411 propter
380 2362 526 2411 impedimenta
542 2374 671 2411 guerrarum,
687 2363 774 2400 velatio

59 2424 257 2472 quomodocumque,
266 2427 318 2460 tune
331 2422 431 2460 celebrari
442 2423 509 2471 possit
518 2426 538 2459 et
546 2422 619 2459 debent
631 2422 653 2459 in
665 2423 711 2460 loco
725 2423 772 2470 ulio,

58 2483 113 2520 ddcto
126 2483 251 2521 monasterio
259 2483 343 2520 subdito
356 2482 437 2519 tuttori.
447 2483 534 2519 Presens
547 2485 642 2519 nostrum
654 2482 774 2530 Capitulum

58 2543 153 2589 generale
166 2543 188 2579 in
200 2543 245 2579 loco
259 2546 280 2580 et
292 2542 418 2579 Monaeterio
434 2541 505 2578 Sancti
517 2541 623 2578 Benedicti
638 2542 662 2578 de
675 2542 772 2590 Pletcrio,

58 2602 119 2639 dictis
131 2602 240 2651 principali
252 2602 378 2639 Mouesterio
391 2605 412 2638 et
425 2600 496 2638 Ordiui
508 2600 591 2638 subdito
605 2604 625 2637 et
634 2601 701 2648 unito,
715 2601 774 2638 duxi-

58 2673 111 2710 mus,
129 2665 235 2710 tamquam
249 2661 271 2699 in
289 2662 335 2699 loco
348 2664 402 2708 tuto,
415 2655 478 2709 prout
491 2660 515 2697 de
530 2659 579 2708 jure
592 2664 613 2697 et
625 2660 680 2697 fecto
697 2660 773 2698 melius

58 2721 169 2769 valuimus,
184 2721 338 2759 celebrandum.
345 2747 349 2757 .
356 2748 359 2757 .
367 2748 370 2758 .
382 2733 398 2757 )>.

82 2781 108 2830 (t)
121 2782 140 2818 A
152 2782 201 2819 Kal.
219 2781 268 2818 muli
285 2781 338 2829 1333,
353 2781 378 2818 nd
390 2781 438 2817 Kal.
457 2780 520 2817 maias
537 2780 590 2817 1336.
607 2780 638 2817 Ol.
654 2781 772 2818 Funmmu.

59 2839 117 2889 Teu,
130 2842 159 2890 II,
172 2854 192 2890 p.
206 2842 240 2890 335
255 2842 331 2889 Toum,
346 2853 374 2887 op.
388 2841 428 2887 cn,
442 2852 461 2888 p.
476 2839 505 2877 31.
