2060 3342
253 246 381 286 chronicon
394 248 477 288 Montis
494 249 571 290 olivet*
739 251 766 291 47

54 381 130 424 iorum,
145 376 182 428 qui
199 373 343 430 prefuerunt}
354 375 386 417 iili
404 376 470 427 operi,
485 388 524 428 per
542 375 659 420 dominium
677 380 766 422 veneto-

54 460 101 492 rum
109 447 187 488 remoti
195 446 247 487 sunt
253 446 341 496 iratres,
349 447 371 488 et
378 447 494 498 licentiati;
505 446 508 502 i
519 447 541 489 et
550 448 602 490 illud
610 450 765 493 monasterium

53 517 159 563 dederunt
166 517 250 559 cuidam
257 518 324 559 nobili
334 529 378 567 suo,
387 518 430 559 civi
437 518 529 560 Venetia
538 516 540 572 l
549 530 607 568 rum;
617 521 653 572 qui
663 533 765 573 processu

23 633 30 640 ,
53 590 155 642 temporis
172 600 275 641 magnum
292 590 389 630 fructum
405 589 469 639 iecit;
487 590 509 630 ct
525 591 606 643 incepit
616 589 619 645 l
630 592 652 633 in
666 592 703 633 ilio
718 594 765 634 ioco

53 663 186 714 religionem,
197 673 239 714 que
248 662 340 703 vocatur
350 662 376 702 ad
386 671 476 714 presens
485 661 564 703 Sancte
572 661 657 704 iustine
665 662 703 716 (l).
711 664 764 705 item

75 811 101 860 (t)
114 810 185 857 Hujus
202 809 372 858 congregationis
388 809 467 858 primus
483 811 589 858 fundator,
604 823 628 848 ao
641 812 764 860 praecipuus

51 872 146 917 director,
161 876 182 907 et
194 870 310 916 institutor,
321 870 424 918 quendam
433 870 495 907 abbas
508 871 525 907 S.
540 871 637 908 Justinae
648 871 763 921 Paduanaa

51 931 93 969 fuit
105 930 156 966 Rev.
171 929 194 967 P.
209 929 328 966 Ludovious
341 929 415 977 Barbo,
431 930 463 967 vir
479 941 527 967 vere
543 934 635 978 sanetus,
649 943 764 979 magnaque

51 991 128 1029 virtute
141 988 253 1036 praeditus.
264 988 293 1025 of.
306 989 451 1026 Coristitutioues
465 990 545 1026 Petrum
560 990 716 1039 Ooiipmpaitoais
729 990 764 1028 Ou-

50 1050 138 1096 m'ueusr's,
153 1048 252 1096 Venetiis,
262 1049 405 1096 mnnitxn,
416 1062 462 1097 pars
470 1049 498 1097 ΙΙ,
508 1063 528 1098 p.
538 1051 571 1098 37,-
581 1051 604 1087 L.
615 1050 686 1097 rosor,
696 1050 763 1087 Storie

50 1110 99 1147 della
112 1109 179 1144 Baete
192 1109 213 1144 di
225 1109 371 1155 Moiztecussirw‚
385 1110 571 1158 Roma‚1890‚111,
582 1110 681 1157 188‚189;
694 1110 714 1147 J.
725 1112 763 1148 Gn-

50 1178 121 1215 Vnolo‚
134 1168 269 1204 Historiarum
286 1167 374 1205 Ooeuebte'
387 1168 414 1205 D.
429 1169 516 1206 destinae
531 1170 641 1206 Patavinae
653 1171 710 1206 Libri
722 1183 761 1218 sen,

50 1218 136 1269 raian,
150 1222 297 1275 mnonovi,
310 1228 352 1265 im.
361 1228 385 1275 u,
398 1240 418 1275 p.
433 1228 467 1264 reu
481 1240 536 1276 seqq,

84 1287 222 1334 Sequentibus
235 1287 303 1324 verbis
319 1290 340 1324 et
357 1290 449 1324 nostram
462 1288 637 1326 renuntiationem
651 1292 672 1325 et
684 1300 763 1336 posses-

48 1347 125 1385 sionem
144 1345 221 1382 factam
239 1359 251 1383 a
270 1346 375 1383 Ludovico
391 1346 456 1382 Barbo
476 1346 500 1383 de
519 1347 646 1384 Monasterio
662 1348 762 1385 Patauino

49 1408 131 1444 enarrat
145 1405 215 1443 Obron.
230 1406 324 1443 canati.-
343 1419 353 1441 ι(
407 1406 487 1442 Domno
500 1406 599 1453 Gregorio
612 1407 677 1444 XII...
692 1419 762 1445 conce·

49 1466 114 1512 dente,
128 1465 277 1502 monasterium
295 1465 380 1502 Sanctae
397 1464 495 1502 Justinae
513 1466 637 1503 Patauinum
654 1466 762 1514 (expeditis

48 1526 108 1562 iuxta
124 1536 220 1561 romanae
237 1525 306 1561 curiae
323 1536 400 1561 morem
414 1524 537 1562 auctenticis
551 1528 572 1561 et
584 1524 678 1562 iuridicis
686 1525 762 1572 bullis)

48 1584 180 1631 congregatio
197 1587 268 1620 nostra
286 1588 317 1621 est
334 1588 468 1631 consequuta.
481 1584 505 1620 in
519 1584 642 1632 quodfacto
658 1585 760 1633 ingressu,

48 1647 69 1681 et
81 1644 183 1691 corporali
197 1655 219 1679 ao
232 1643 319 1680 iuridioa
335 1644 463 1691 possessione
480 1647 584 1692 suscepta,
598 1655 634 1692 per
647 1656 711 1681 annos
724 1644 762 1681 oir-

48 1703 98 1740 oiter
111 1703 163 1740 duos
176 1703 271 1740 monachi
284 1702 351 1740 nostri
366 1704 387 1740 in
403 1715 426 1739 eo
444 1708 608 1751 permanserunt.
623 1703 700 1741 Verum
713 1704 762 1752 quia

47 1763 158 1800 saecularis
170 1766 291 1811 potentatus
304 1763 355 1799 haec
370 1762 443 1799 diebus
455 1764 533 1800 nostris
546 1775 590 1799 esse
603 1763 657 1800 solet
670 1763 760 1811 ambitio,

48 1826 72 1859 ut
89 1822 222 1859 ecclesiarum
235 1826 256 1859 et
268 1822 415 1859 beneficiorum
432 1822 453 1859 in
471 1822 556 1876 dominii
568 1823 601 1860 sui
613 1822 660 1859 iure
673 1823 761 1860 existen-

47 1881 100 1919 tium
118 1882 178 1919 bonis
197 1882 290 1930 proprios
309 1882 375 1929 magis
391 1893 452 1929 quam
468 1881 546 1918 alienos
562 1882 617 1926 cives
630 1881 674 1919 frui
686 1882 759 1931 velint,

47 1941 174 1979 Venetorum
187 1941 264 1978 domini
276 1940 354 1978 Christi
366 1941 456 1978 famulos
467 1940 560 1988 potentia
568 1953 606 1978 sua
615 1942 759 1989 opprimentes,

46 2002 163 2049 praefatum
178 2001 327 2038 monasterium
344 2000 461 2047 relinquere
475 2000 625 2048 compulerunt.
639 2000 681 2044 nui
693 2000 761 2038 condi-

48 2060 102 2097 tione
115 2059 201 2105 adiecta¹
215 2063 240 2097 ut
252 2059 355 2106 videlicet,
369 2058 405 2107 qui
417 2059 440 2096 in
452 2059 523 2096 eodem
532 2059 601 2097 Abbas
610 2060 760 2108 praeficiendus

47 2123 106 2167 esset,
120 2120 237 2167 regularem
250 2118 400 2156 observantiam
413 2118 540 2156 constituere
551 2122 663 2167 teneretur,
672 2118 760 2167 propriis

46 2179 110 2216 bullis
122 2179 244 2216 renuntiare
260 2180 416 2215 consenserunt.
430 2174 543 2215 Dimissuni
554 2179 625 2227 itaque
638 2191 650 2215 a
662 2179 760 2216 Patribus

46 2238 121 2276 nostris
138 2238 286 2275 monasterium
304 2237 364 2285 illud,
377 2237 443 2274 nobili
462 2237 543 2275 cuidam
560 2241 635 2276 veneto
653 2238 759 2276 Lndouico

45 2298 119 2347 Barbo¹
135 2298 180 2336 viro
199 2297 310 2336 reverendo
329 2300 350 2333 et
368 2301 439 2334 sancto
458 2297 534 2335 ibidem
550 2297 757 2342 abbaticonstituto,

46 2358 147 2395 traditum
165 2361 203 2395 est.
219 2357 279 2401 Quod
294 2370 319 2394 ex
335 2357 404 2394 divina
423 2360 444 2394 et
462 2357 571 2394 ‘voluntate
590 2360 611 2394 et
630 2356 759 2394 ordinatione

45 2422 127 2465 gestum
142 2430 184 2454 non
200 2417 336 2465 ambigimus5
356 2429 420 2464 quum
436 2416 516 2461 exsshoc
533 2416 649 2453 uberiorem
664 2416 759 2453 fructum

46 2477 143 2514 ecclesiae
156 2489 205 2514 snae
218 2476 320 2513 Dominus
332 2476 441 2524 provenire
453 2476 549 2513 voluerit.
563 2475 666 2524 Siquidem
678 2476 700 2512 in
713 2487 759 2513 oan-

45 2535 90 2572 dem
106 2536 209 2573 abbatiam
225 2536 358 2573 coenobialem
374 2535 526 2573 observantiam
538 2534 611 2571 abbate
624 2535 715 2583 praefato
729 2536 759 2573 in·

4 2618 5 2621 =
44 2596 174 2637 traducente.
189 2599 210 2633 et
225 2596 268 2632 Deo
284 2595 371 2643 desuper
386 2594 548 2632 benedictionem
563 2606 629 2642 suem,
643 2595 759 2632 multorum

45 2657 65 2691 et
77 2656 251 2692 monasteriorum
264 2659 285 2691 et
297 2653 438 2703 spiritualium
451 2654 541 2691 filiorum
554 2658 620 2692 mater
630 2655 703 2692 effecta
711 2667 759 2691 con-

44 2716 186 2762 gregationem
198 2726 305 2752 servorum
318 2714 356 2751 Dei
368 2713 518 2750 venerabilium
530 2714 589 2750 ualde
602 2716 691 2761 patrum,
705 2726 759 2763 quae

45 2773 194 2812 ilionaohorum
206 2774 291 2811 Sanctae
304 2774 319 2811 J
320 2773 400 2810 nstinae
413 2775 554 2820 nuncupetur,
566 2773 703 2821 omnipotenti
715 2774 759 2810 Deo

44 2831 66 2868 in
78 2833 161 2871 Christo
174 2834 251 2871 meruit
263 2832 389 2881 parturire...
404 2844 420 2869 ›>.
433 2832 478 2869 Fol.
492 2834 522 2881 227
536 2832 572 2869 22³.
