2060 3342
469 703 493 736 In
503 702 563 744 Burgc
573 701 596 736 de
607 699 702 735 oniusuris
713 701 857 743 retentemus
868 701 893 735 18.

247 813 290 858 Ser
302 817 405 864 Laudas,
420 816 494 857 rector
508 816 613 857 ecelesiae
627 815 706 857 Sancte·
718 815 803 865 napea
811 825 827 856 a
835 816 899 857 Luco
909 818 936 857 de

221 888 349 935 thttsarz'e,
367 886 519 936 aedificatione·
536 887 671 928 monasterti
691 887 787 928 Sanctae
800 888 891 928 Martae
909 890 935 929 dc

219 959 294 1000 Monte
311 957 399 1006 Ottocto,
414 966 551 999 eonsensum
562 958 659 1007 praebet.

303 1080 421 1130 [Exemplar
432 1080 455 1118 in
467 1079 514 1117 Lm.
528 1081 642 1119 Pnlurnna.
656 1083 716 1129 (saec.
730 1079 782 1128 XV),
796 1081 811 1118 I.
825 1079 857 1131 3’].

244 1203 270 1244 In
283 1201 323 1244 Dei
336 1201 430 1244 nomme.
444 1203 520 1244 Amen.
539 1203 603 1243 Anno
621 1201 717 1244 eiusdem
731 1202 867 1250 MOOOXLII,
882 1202 935 1243 indi-

218 1273 290 1315 ctione
307 1275 344 1322 ΧΙ,
362 1272 397 1314 die
415 1273 486 1315 XVIII
507 1273 588 1315 mensis
608 1272 721 1315 februarii.
738 1274 815 1315 Pateat
836 1273 935 1315 omnibus

217 1344 333 1387 evidenter
346 1345 403 1397 quod
417 1343 524 1386 discretus
539 1344 575 1385 vir
588 1354 625 1385 ser
638 1345 726 1386 Landus
737 1345 845 1397 quondam
855 1343 935 1394 Maffei

217 1416 326 1468 presbiter
340 1415 363 1457 et
376 1414 450 1458 rector
464 1416 555 1458 ecclesie
569 1415 643 1457 Sancti
656 1416 735 1468 Angeli
745 1427 758 1456 a
767 1417 826 1457 Luco
835 1417 861 1457 de
871 1415 935 1459 Ghiu-

218 1487 276 1529 suris
290 1486 382 1530 Aretine
396 1487 494 1536 diocesis,
508 1498 582 1529 coram
595 1497 631 1528 me
640 1487 726 1529 notario
736 1487 759 1528 et
768 1486 859 1530 testibus
869 1487 936 1530 intra-

218 1558 312 1612 script-is‚
321 1569 362 1600 sua
368 1558 437 1601 libera
447 1559 469 1601 et
478 1559 598 1612 spontanea
606 1558 727 1607 uoluntate,
735 1569 764 1600 ex
771 1559 832 1601 certa
839 1558 935 1609 scientia,

218 1630 240 1673 et
254 1641 299 1672 uon
312 1641 353 1683 per
366 1641 464 1672 errorem
478 1630 579 1682 aliquem,
589 1629 648 1672 omni
661 1630 716 1679 iure,
725 1630 762 1671 via
775 1630 798 1671 et
811 1630 879 1679 modo,
889 1631 935 1682 qui-

217 1702 258 1742 bus
276 1701 354 1743 melius
372 1701 449 1753 potuit,
468 1701 538 1743 sciens
558 1702 580 1743 et
598 1711 758 1755 recognoscens
778 1700 935 1743 monasterium

219 1772 298 1815 Sancte
311 1772 381 1814 Maria
395 1774 421 1815 de
434 1774 508 1814 Monte
518 1772 608 1822 Oliveto,
619 1772 712 1825 positum
726 1773 750 1813 in
764 1773 826 1814 curia
835 1773 861 1814 de
871 1772 936 1814 (Illiu-

217 1844 281 1893 suris,
296 1843 411 1886 comitatus
425 1844 534 1894 Senensis,
548 1845 595 1886 loco
609 1843 665 1886 dicto
679 1846 759 1892 Acone,
774 1844 831 1886 dicte
844 1843 936 1886 Aretine

217 1915 314 1964 diocesis,
324 1925 372 1957 esse
386 1915 459 1964 situm,
469 1915 574 1957 situatum
584 1916 606 1957 et
615 1915 709 1968 positum
718 1915 742 1956 in
751 1915 870 1967 parrochia
879 1915 935 1957 dicte

217 1986 264 2028 etus
282 1986 380 2036 ecclesie,
398 1986 461 2036 dixit,
480 1987 575 2029 asseruit
593 1988 615 2028 et
633 1987 745 2029 confessus
764 1987 812 2036 fuit,
830 1987 935 2040 tanquam

217 2057 377 2111 parrochianus
394 2058 446 2100 dicti
462 2058 511 2106 loci,
530 2059 567 2099 ubi
585 2057 666 2099 dictum
684 2057 841 2100 monasterium
857 2058 900 2099 fuit
914 2059 936 2101 et

216 2129 250 2171 est
264 2128 414 2189 constructum
428 2129 451 2171 et
465 2128 594 2179 edificatum,
608 2139 632 2170 se
645 2128 744 2182 tempore
758 2129 901 2171 editicetionis
913 2130 936 2171 et

217 2199 386 2242 constructionis
402 2200 454 2242 dieti
467 2200 601 2249 monasterii,
615 2210 663 2242 esse
677 2200 699 2242 et
712 2200 786 2249 fuisse,
800 2201 822 2242 et
840 2211 900 2242 nunc
914 2200 936 2242 et

217 2272 240 2312 in
254 2272 372 2323 posterum,
390 2282 439 2313 esse
452 2270 542 2313 tacitum
556 2272 579 2313 et
592 2271 719 2313 contentum
733 2272 759 2313 de
773 2271 936 2314 constructione

218 2343 240 2384 et
258 2342 395 2385 edificatione
412 2343 531 2395 supradicti
549 2342 675 2392 monasterI,
694 2343 717 2384 et
734 2342 791 2385 dicte
805 2342 936 2385 edificationi

216 2415 270 2456 tunc
284 2414 426 2464 consensisse,
444 2414 506 2455 etde
523 2414 557 2455 sui
571 2424 679 2455 consensu
693 2415 715 2456 et
730 2413 844 2456 voluntate
860 2414 934 2462 tuisse,

177 2488 180 2492 ⁴
218 2485 355 2538 processisse,
369 2485 485 2527 etfaciam
503 2484 571 2526 luisse
588 2485 610 2526 et
624 2495 672 2527 esse
689 2484 848 2527 edificationem
861 2496 935 2527 mona·

217 2556 280 2599 sterii
293 2556 418 2609 supradicti,
437 2566 523 2598 necnon
536 2557 563 2599 de
577 2556 676 2598 omnibus
691 2557 713 2598 et
727 2557 818 2609 siugulis
832 2556 935 2609 granciis

217 2628 334 2677 beneficiis,
348 2627 496 2681 indulgentiis,
509 2628 638 2681 privilegiis,
653 2628 844 2678 immunitionibus,
856 2628 879 2669 et
888 2627 935 2669 aliis

218 2700 389 2752 quibuscumque
411 2699 585 2741 concessionibus
606 2699 675 2741 eidem
696 2699 828 2759 monasterio
849 2710 934 2752 quoquo

217 2771 279 2812 modo
293 2771 330 2813 hic
343 2771 475 2820 retrofactis
490 2771 525 2812 vel
540 2772 567 2812 ad
581 2781 671 2823 presens
681 2781 720 2813 seu
729 2771 752 2812 in
761 2771 873 2822 posterum
882 2770 934 2811 tien·
1008 2812 1017 2829 ff

218 2841 257 2891 dis,
270 2843 316 2884 tam
330 2853 370 2894 per
383 2853 492 2885 summum
505 2842 629 2895 pontificem
644 2853 709 2895 quam
721 2841 786 2884 etiam
795 2853 835 2895 per
844 2852 935 2884 venera·
