2060 3342
356 218 475 268 Appaaum
674 270 675 273 Ἴ
745 226 771 265 79

58 287 344 297 m*

56 347 161 397 omnibus,
176 359 224 390 eam
245 347 331 391 tantum
353 350 479 392 facultatem
499 351 585 403 habeat,
600 366 663 407 quam
682 355 771 409 quilibet

56 419 112 460 alius
126 420 187 472 prior
200 420 267 463 habet
280 421 303 461 in
317 421 449 463 monasterio
463 422 576 474 singulari.

83 492 179 535 Quorum
189 492 275 544 quidem
284 492 424 533 visitatorum
438 494 469 534 sic
483 494 601 536 electorum
615 496 699 549 tempus
713 499 770 550 regi-

56 561 121 602 minis
135 563 205 610 duret,
220 563 263 605 hoc
276 564 344 612 modo,
359 564 465 613 videlicet,
480 565 536 617 quod
549 566 572 606 in
586 565 631 606 fine
644 569 695 608 anni
709 580 722 609 a
736 569 770 610 die

55 633 198 674 conclusionis
208 634 317 685 generalis
324 635 414 687 capituli
421 636 565 688 computandi,
572 636 642 677 tribus
650 649 678 679 ex
685 639 736 690 ipsis
743 640 770 680 ab

54 704 90 744 offi
101 702 104 757 Ι
115 705 148 745 cio
161 705 292 747 visitationis
310 706 434 747 huiusmodi
452 707 561 756 absolutis,
576 718 615 759 per
631 709 729 749 abbatem
748 710 770 751 et

54 775 162 827 predictos
176 786 216 817 sex
230 776 361 827 visitatores,
371 778 407 819 vel
421 778 525 819 maiorem
538 778 622 831 partem
632 789 713 829 eorum,
724 779 769 822 tres

53 846 91 887 alii
99 846 252 899 subrogentur,
263 848 285 889 et
294 849 325 889 sio
334 848 397 889 anuis
406 849 505 902 singulis,
515 849 560 891 tres
570 861 599 891 ex
609 850 640 891 eis
654 851 691 903 qui
705 851 753 902 plus
764 850 773 905 t,

53 917 123 958 officio
132 918 262 960 visitationis
276 919 404 970 prefuerint,
418 920 568 969 amoveantur,
578 921 600 961 et
613 912 659 963 tres
672 922 698 963 de
711 933 768 963 novo

52 989 201 1040 subrogentur
214 990 300 1038 eisdem,
310 1001 351 1032 uec
365 991 453 1032 valeant
462 991 594 1041 confirmari,
604 992 642 1033 sed
655 1003 695 1044 per
708 992 767 1034 bien·

52 1060 113 1100 nium
127 1060 254 1102 continuum
268 1063 347 1118 vacent
361 1063 387 1103 ab
401 1062 470 1104 officio
484 1062 621 1110 visitationis,
633 1061 636 1116 Ι
649 1063 767 1115 antequam

51 1132 78 1172 de
91 1142 148 1173 novo
162 1132 213 1184 eligi
227 1133 316 1184 possint,
330 1133 357 1174 ad
371 1133 452 1174 dictum
467 1133 598 1175 visitationis
612 1134 712 1175 officium.

76 1202 260 1244 Itemstatuimus
274 1205 299 1245 ut
312 1203 417 1245 fratribus
431 1203 555 1245 stabilitatis
569 1205 639 1245 torma
654 1205 766 1256 prestetur
862 1256 864 1259 ι

50 1274 72 1314 et
90 1274 225 1326 evagationis
243 1274 335 1315 tollatur
351 1275 441 1316 occasio.
455 1275 514 1320 Quod
529 1276 568 1326 pro'
583 1275 718 1317 edificatione
729 1274 732 1330 Ι
743 1277 772 1318 et,
795 1302 833 1338 sc!

49 1346 105 1386 bono
119 1346 218 1400 exemplo
232 1346 338 1387 dictorum
353 1345 563 1403 fratrumpretatus
577 1324 790 1398 abbas⁴generalis“‘'
808 1339 812 1359 ·’
891 1379 899 1408 ᾗ
1026 1378 1028 1380 .

48 1416 151 1458 continue
163 1417 251 1466 maneat
260 1417 282 1457 in
293 1417 424 1461 monasterio
438 1417 600 1465 Montisoliveti‚
609 1428 650 1459 nec
658 1417 764 1459 terminos
781 1386 822 1459 titt
834 1445 836 1450 .
862 1406 941 1441 '³
951 1410 962 1440 ’ᾗ
1013 1401 1023 1424 ”

48 1487 128 1540 prefati
142 1487 268 1529 monasterii
282 1488 327 1528 ullo
340 1488 402 1529 modo
415 1487 599 1540 transgrediatur,
610 1486 613 1541 Ι
624 1499 677 1540 quos
691 1489 765 1529 decer-

48 1560 120 1600 nimus
134 1569 182 1600 esse
196 1559 244 1599 octo
258 1558 357 1599 miliaria.
368 1559 472 1600 Volumus
486 1559 560 1600 tamen
574 1559 630 1611 quod
643 1570 683 1611 pro
696 1559 764 1613 mani·
820 1608 822 1612 Ι

47 1630 104 1671 festa
122 1630 223 1677 utilitate,
237 1630 272 1670 vel
285 1629 415 1671 necessitate
433 1630 522 1677 ordinis,
535 1630 603 1681 possit
616 1630 643 1670 de
656 1640 763 1670 consensu
792 1678 793 1682 Ἰ

47 1702 69 1742 et
83 1701 196 1741 voluntate
209 1700 316 1742 dictorum
330 1701 474 1749 visitatorum,
485 1701 520 1741 vel
535 1700 622 1741 maioris
635 1701 703 1752 partis
715 1699 717 1754 t
729 1711 763 1742 eo-
822 1702 824 1706 ’

46 1783 96 1813 rum
109 1772 171 1813 exire
185 1766 304 1813 associatus
318 1781 404 1823 sempor
417 1782 431 1811 a
445 1772 526 1812 duobus
540 1782 569 1812 ex
583 1771 621 1819 eis,
635 1771 658 1812 et
671 1770 762 1811 visitare

15 1872 19 1878 -
45 1855 72 1885 ac
79 1844 116 1884 illa
123 1844 202 1891 tacere,
211 1854 253 1895 que
262 1843 398 1894 concernunt
405 1842 541 1884 manifestam
549 1842 630 1883 ordinis
637 1841 761 1890 utilitatem,

45 1916 71 1957 de
85 1926 161 1956 eorum
175 1914 264 1955 consilio
278 1914 300 1955 et
313 1925 427 1955 consensu.

72 1986 177 2027 Similiter
198 1985 313 2026 statuimus
326 1984 329 2039 l
343 1985 366 2027 et
386 1984 511 2026 ordinamus
531 1985 588 2037 quod
610 1984 675 2025 abbas
694 1994 761 2035 geue-

44 2045 162 2099 ralis'dicti
176 2057 258 2097 ordinis
272 2056 342 2105 duret,
356 2056 379 2098 et
392 2057 456 2097 vacet
470 2057 587 2097 secundum
604 2055 696 2096 formam
710 2064 759 2095 oon·

45 2127 182 2170 stitutionum
201 2128 283 2168 ordinis
300 2127 402 2168 eiusdem.
417 2128 521 2168 Volumus
540 2127 613 2177 tamen
631 2137 671 2177 pro
689 2125 760 2166 forma

30 2198 174 2258 ⁸humilitatis
194 2198 311 2246 servanda,
332 2198 358 2240 ad
379 2199 502 2250 exemplum
517 2196 521 2251 Ι
536 2197 680 2245 subditorum,
702 2196 758 2248 quod

43 2271 113 2312 dictus
127 2270 199 2318 abbas,
212 2270 258 2311 tam
277 2269 314 2321 qui
331 2272 390 2310 nunc
408 2270 447 2318 est,
465 2279 529 2321 quam
548 2268 585 2320 qui
603 2278 642 2319 pro
660 2268 757 2319 tompore

42 2341 116 2389 tuerit,
130 2341 179 2394 post
192 2341 303 2382 biennium
321 2352 335 2381 a
352 2341 387 2382 die
404 2350 443 2382 sue
461 2339 572 2381 electionis
582 2338 756 2389 computandum,

9 2442 14 2451 .
42 2414 66 2455 in
79 2413 177 2464 generali
192 2412 286 2462 capitulo
296 2411 465 2452 misericordiam
475 2409 575 2462 postulet,
584 2408 640 2449 idest
648 2409 700 2456 abso
710 2406 713 2461 t
724 2408 757 2448 lu-

40 2485 122 2524 tionem
137 2484 163 2524 ab
177 2482 247 2524 officio
261 2482 389 2523 abbatiatus.
399 2482 427 2522 m
435 2483 488 2522 tunc
498 2492 537 2532 per
546 2481 627 2521 dictum
637 2479 755 2531 capitulum

41 2553 152 2606 eligantur
164 2554 210 2594 tres
220 2554 305 2605 priores
319 2564 347 2594 ex
360 2552 498 2605 gravioribus
508 2551 530 2592 et
539 2550 708 2598 honestioribus,
718 2550 755 2601 qui

40 2625 132 2678 singulis
146 2624 238 2665 bienniis
252 2624 371 2665 mutentur.
386 2609 426 2668 Qui
440 2623 525 2676 quidem
538 2622 568 2663 sic
578 2620 647 2670 electi,
659 2619 662 2674 Ι
673 2620 755 2662 exami-

41 2697 99 2737 natis
112 2696 262 2737 examinandis
277 2695 352 2736 circha
364 2694 463 2746 regimen
473 2693 524 2734 dicti
533 2691 661 2740 abbatiatus,
672 2691 755 2743 possint

40 2762 753 2819 exlegitimaeturgenticausa,probonoordiniseifaceremise-
