2060 3342
254 246 279 287 18
445 269 447 272 -
480 223 589 289 ''Autouu
601 251 727 311 Burpeosv's
754 252 756 255 “

252 377 369 419 secundum
381 376 383 431 Ι
394 378 547 430 Apostolorum
561 380 726 430 institutionem,
745 392 771 421 ao
789 379 846 420 beati
866 379 966 430 regulam

251 450 362 490 Benedicti
370 449 438 502 patris
448 462 476 492 no
487 450 490 506 t
501 452 549 501 stri,
557 453 608 513 sugit
615 454 743 495 communia.
752 452 905 503 Unusquisque
912 451 964 491 duas

250 520 336 563 tautum
350 523 453 565 modoad
468 537 482 565 u
493 523 496 579 t
507 536 554 566 sum
571 526 657 567 tunicas
675 524 801 578 possidebat,
815 523 837 564 et
851 523 965 586 scapulare

251 603 299 633 oum
319 593 410 634 cuculla,
429 597 454 635 ln
474 607 517 647 pau
528 593 531 649 t
542 597 630 647 porculo
649 607 743 649 namque
763 593 873 642 vestiario,
892 594 964 646 alique

251 676 382 718 quamquam
395 667 488 716 vetuste,
502 668 640 710 habebantur
653 669 677 708 tu
689 666 691 721 1
705 669 760 715 uice,
772 676 813 718 que
823 665 965 706 concedeban-

249 735 288 777 tur
301 737 344 777 illis
359 749 412 789 quos
427 739 544 780 necessitas
556 739 643 780 lavandi
653 749 707 790 urge
718 737 721 792 t
732 737 774 778 bat.
784 736 901 789 Postquam
911 746 964 776 vero

40 826 41 834 ¹
98 794 190 832 ΜΜ*
204 825 212 832 „
250 819 300 849 suas
313 809 353 861 ipsi
365 809 471 851 lavissent
482 821 524 857 res,
534 810 590 852 dicte
599 810 672 851 tunice
682 809 768 851 vetuste
778 820 803 849 re
814 807 816 862 Ι
827 809 964 860 ponebantur

249 877 273 918 in
287 879 404 927 vestiario;
419 879 485 920 etsie
499 882 562 920 erant
576 881 599 920 in
613 881 708 921 maxima
719 879 887 932 voluntariaque
898 877 901 933 t
912 889 964 930 pau-

249 948 336 998 pertate
343 949 453 1000 degentes.
460 951 503 989 Pro
511 949 596 990 lectulis
606 950 678 991 autem
689 951 785 990 sacculos
795 950 862 1000 paleis
872 950 947 1001 plenos
958 949 961 1003 Ι

249 1017 360 1079 metuemus,
376 1030 405 1060 ex
419 1021 476 1061 omni
489 1020 552 1071 parte
566 1021 671 1062 lateribus
685 1020 735 1062 lecti
749 1020 817 1061 clavis
828 1021 912 1061 affixos.
924 1021 964 1061 Su·
993 1060 994 1063 ,

249 1100 288 1139 per
299 1087 301 1142 t
312 1090 390 1141 quibus
404 1090 536 1131 dormientes
554 1091 690 1143 quiescimus.
705 1091 786 1131 Deinde
802 1090 876 1141 patres
893 1090 963 1130 nostri

248 1160 319 1201 haben
328 1160 331 1215 t
340 1162 374 1203 tes
381 1162 608 1221 ovesiaeielian'tlieri
617 1173 711 1214 pannum
719 1174 748 1203 ex
755 1162 873 1203 velleribus
880 1172 961 1209 earum,

182 1222 203 1267 ἒ)
248 1230 270 1272 et
283 1230 416 1285 fulciebant
430 1214 550 1281 mautelffis,
565 1218 600 1275 vel
617 1233 683 1284 pallia
700 1233 777 1285 quibus
794 1232 925 1273 dormientes
939 1243 962 1272 se

247 1301 452 1357 cooperirenttvel
473 1305 534 1345 certe
554 1315 594 1356 per
614 1304 699 1344 deinum
720 1302 863 1352 ambulantes,
881 1301 920 1343 aut
939 1302 962 1341 iu

247 1373 327 1414 mensis
341 1374 377 1414 vel
391 1374 487 1416 ecclesiis
499 1373 501 1428 Ι
513 1374 633 1416 existentes
646 1386 670 1417 se
684 1374 806 1415 induerent.
821 1372 875 1414 Erat
888 1372 962 1413 autem

182 1475 204 1510 4
247 1455 332 1496 pannus
343 1446 380 1487 ille
389 1448 492 1495 rusticus,
504 1445 506 1501 t
517 1446 540 1488 et
554 1458 649 1500 grossus,
663 1433 721 1511 fusto
735 1447 817 1494 colore;
832 1445 890 1485 illius
904 1444 962 1483 simi-

80 1528 140 1559 ifo
247 1516 350 1566 litudinis‚
366 1529 407 1570 quo
423 1520 501 1560 rustici
516 1518 679 1573 uturrtu1¹.tSet
696 1510 797 1571 quoniam
814 1516 914 1569 superius
931 1515 962 1554 di-

247 1588 319 1630 ximus
334 1600 370 1630 eos
383 1590 475 1631 induere
488 1591 585 1632 vestibus
599 1591 650 1632 nive
662 1590 664 1644 t
676 1591 700 1638 is,
709 1602 738 1632 ne
750 1588 850 1630 mireris:
865 1585 963 1629 sciebant

246 1660 304 1700 enim
314 1660 402 1701 beatum
412 1662 558 1711 Benedictum,
569 1673 604 1704 eos
614 1672 694 1703 amouu
705 1660 707 1716 t
718 1663 767 1709 isse,
781 1671 826 1701 nou
839 1658 924 1701 causari
935 1659 960 1698 de

246 1732 318 1772 colore
327 1731 370 1784 (1);
381 1733 479 1784 quamvis
488 1733 575 1773 nonnisi
585 1734 660 1785 pallios
670 1733 736 1774 talem
745 1732 747 1787 t
756 1733 779 1773 in
789 1733 916 1773 seculorem
926 1741 961 1771 re-

246 1803 350 1855 cipientes
360 1803 473 1845 haberent.
484 1806 579 1849 Quonam
595 1806 656 1845 modo
665 1805 713 1845 illos
723 1804 725 1859 t
737 1804 862 1851 abiecerint,
872 1804 959 1854 ignoro:

245 1886 304 1917 nunc
322 1886 376 1916 vero
394 1876 437 1916 illis
454 1877 543 1917 minime
559 1877 647 1925 utimur,
662 1878 698 1917 sed
710 1875 712 1930 1
723 1876 783 1917 albis
798 1875 869 1915 Erant
882 1884 966 1924 nempe

244 1948 302 1998 potu,
312 1948 402 1999 ciboque
416 1948 526 1999 potissime
535 1947 657 2000 temperati.
669 1946 671 2001 Ι
683 1950 788 1999 Tempore
798 1946 902 1997 siquidem
912 1945 959 1986 vin-

245 2019 320 2067 demie,
330 2030 379 2059 cum
393 2019 419 2060 de
432 2019 500 2060 acinis
511 2019 587 2060 vinum
601 2030 630 2060 ex
641 2016 643 2072 t
654 2018 786 2059 traxissent:
796 2028 874 2068 aquam
884 2017 959 2057 misce-

244 2090 297 2131 bant
310 2090 414 2132 vinaciis:
429 2091 577 2143 facientesque
585 2090 658 2131 triduo
670 2087 672 2143 t
683 2091 731 2141 plus
745 2090 781 2130 vel
795 2089 873 2138 minus,
883 2100 959 2129 secun·

244 2162 295 2202 dum
309 2162 365 2214 quod
375 2162 406 2202 eis
420 2162 541 2210 videbatur,
555 2162 641 2210 bullire,
658 2162 695 2202 illo
706 2160 709 2215 t
720 2161 839 2213 implebant
857 2161 958 2213 vegetem

244 2242 286 2283 quo
300 2244 340 2285 per
353 2233 421 2273 totam
435 2244 519 2284 yemem
532 2233 694 2274 reficiebantur.
706 2231 708 2286 Ι

171 2326 174 2333 -
270 2305 351 2344 Carnes
366 2313 484 2354 nunquam,
498 2304 616 2343 secundum
629 2303 706 2354 regule
718 2302 804 2344 textum
821 2302 958 2363 comedimus,

243 2373 286 2414 nisi
299 2373 388 2428 gravisi
400 2375 453 2415 sime
466 2370 601 2416 infirmitatis
615 2374 717 2426 urguerit
730 2373 854 2416 necessitas.
869 2373 897 2413 Et
907 2374 957 2425 quia

140 2518 223 2547 Monosticu

115 2564 216 2594 observantia.

242 2445 302 2486 loeus
313 2444 316 2500 t
327 2447 370 2494 ille,
386 2446 411 2486 ut
425 2447 534 2498 prefatum
549 2447 588 2495 est,
602 2447 625 2486 in
640 2446 702 2487 vasta
718 2446 833 2488 solitudine
847 2446 902 2487 situs
918 2445 957 2486 ha-

242 2517 317 2566 betur;
329 2518 397 2559 multa
408 2516 410 2572 t
422 2530 464 2571 que
479 2518 582 2559 distantia
591 2517 665 2559 manet
674 2517 732 2559 inter
741 2518 817 2569 ipsum,
827 2517 850 2558 et
859 2518 956 2566 fiumina,

241 2589 277 2629 vel
287 2600 353 2638 mare,
368 2600 394 2630 ra
404 2588 407 2643 Ι
418 2601 444 2631 ro
457 2590 496 2630 aut
505 2579 623 2643 numquam
637 2590 706 2642 pisces
719 2590 863 2631 comedebant.
878 2592 956 2631 Decre-

241 2660 323 2700 verunt
337 2660 436 2712 denique,
450 2660 476 2701 ut
490 2661 543 2713 quin
554 2659 557 2715 t
568 2662 591 2702 ta
604 2661 673 2702 solum
688 2660 750 2710 teria,
764 2660 786 2701 et
800 2660 834 2701 die
844 2660 955 2708 dominico,

265 2828 289 2873 (1)
302 2828 383 2875 Repete,
398 2840 441 2876 cup.
457 2827 499 2865 LV.
