2060 3342
194 277 195 280 Ἴ
218 217 245 255 ia
259 215 405 264 smirneorum
418 216 597 259 ntoutolr'vetease
718 226 768 260 xvn

54 358 183 402 Olausuram
199 344 315 390 nundinae
329 343 436 400 fuerunt,
452 337 529 402 itaque
549 347 653 404 frequens
669 348 767 406 popqus

52 427 156 480 Pontifici
177 422 279 477 ooourrit,
300 425 324 465 et
339 437 410 479 nsque
425 422 453 465 ad
469 423 557 478 turrim,
579 439 647 481 quam
667 424 766 468 diximus

53 506 135 556 Oliveti
157 504 258 547 montem
281 499 388 556 olaudere,
415 499 574 544 benedictionis
599 503 766 560 consequendae

52 600 117 632 eausa
131 577 255 625 deseendit:
267 577 320 621 Dies
336 581 384 622 erat
400 578 500 636 quintae·
513 577 587 633 feriae,
603 593 655 622 eum
670 594 695 623 eo
713 595 766 625 ven-

52 670 100 709 tum
113 662 157 721 est:
169 655 294 700 nardinates
304 657 327 698 et
338 655 410 699 omnis
425 654 512 699 familia
523 655 642 711 Praesulis,
654 671 731 700 earnes
741 656 766 699 in

52 755 112 785 coena
126 734 263 780 manebant:
280 732 388 776 Pontifex
402 733 469 776 iussit
485 747 561 777 omnes
576 747 602 776 eo
617 733 642 776 in
657 733 710 777 loeo
720 749 766 777 oar-

51 818 116 862 nibus
132 812 257 856 abstinere:
274 824 326 853 eum
341 810 364 853 id
374 810 484 868 placitum
495 810 610 854 monachis
626 810 766 857 animadver-

50 895 126 938 tisset:
143 888 315 946 exemplumque
335 887 441 946 praelatis
457 887 600 932 ecelesiarum
615 903 641 931 eo
661 888 765 946 deinceps

51 967 195 1029 applioaturis
206 965 273 1021 dedit,
287 980 315 1008 ne
326 980 403 1009 earnes
417 965 635 1023 pascerent,.quibus
647 969 765 1009 noscerent

50 1049 77 1092 ob
99 1045 141 1089 Ioci
164 1042 314 1088 reverentiam
337 1043 457 1087 Summum
472 1042 606 1087 Pontificem
622 1043 763 1087 abstinuisse.

50 1121 134 1169 Mansit
148 1120 185 1164 hio
200 1124 223 1163 et
239 1119 342 1177 sequenti
357 1119 392 1163 die
407 1120 468 1176 Pius,
480 1135 610 1178 coenamque
622 1136 673 1165 oum
688 1136 764 1165 mona-

50 1201 95 1244 chis
110 1199 135 1242 in
145 1197 236 1241 oomuni
246 1196 362 1241 refectorio
377 1198 471 1255 peregit,
483 1201 506 1241 et
516 1201 617 1242 cantores
627 1198 762 1254 introduxit,

50 1278 88 1336 qui
97 1290 183 1321 novum
193 1289 283 1319 carmen
294 1275 321 1318 de
331 1275 385 1320 dire
396 1274 519 1319 Oatharina
529 1274 623 1320 Senensi
632 1275 692 1319 inter
700 1276 764 1319 eden·

49 1355 108 1410 dum,
129 1356 177 1396 tam
198 1352 264 1397 suavi
282 1352 590 1408 modulatione-cecinerunt,
612 1356 638 1396 ut
659 1353 763 1397 omnibus

48 1430 161 1476 monachis
177 1430 252 1474 duloes
268 1429 406 1474 excusserint
415 1430 538 1488 iacrymas.
550 1430 678 1488 Adseripsit
693 1433 716 1473 et
731 1430 764 1474 in-

48 1507 175 1566 dulgentias
195 1508 243 1551 looo
263 1522 310 1551 non
328 1507 439 1557 medieas:
461 1511 483 1551 et
498 1506 619 1566 privilegia
639 1507 700 1550 dedit
715 1507 764 1550 reli-

48 1585 110 1643 gieni
125 1584 294 1642 ampfissima...
306 1605 326 1628 ».
344 1570 398 1650 Pius
414 1585 439 1627 II
454 1585 482 1629 ad
502 1586 563 1629 huno
583 1585 657 1629 Ionum
673 1600 696 1629 se
711 1581 763 1628 ¹oon-

48 1663 101 1706 tuIit
120 1677 181 1720 «per
195 1662 279 1706 itinera
294 1663 341 1707 sota
352 1666 436 1706 aestate
452 1662 563 1719 calcanda,
580 1677 631 1706 oum
642 1663 675 1706 soI
686 1677 762 1706 omnes

47 1739 117 1782 ebibit
131 1740 247 1795 humores,
264 1739 360 1797 pluviali
375 1743 477 1798 tempore
492 1740 540 1784 Iooa
551 1740 633 1784 dixeris
643 1739 761 1795 inaooessa,

38 1812 103 1873 >quae
122 1816 148 1860 in
165 1816 249 1874 ‘argilla
270 1817 446 1874 profundissima
469 1818 559 1862 nullum
579 1816 688 1861 admisere
708 1816 762 1875 lapi-

47 1894 117 1937 am»
132 1894 168 1950 (1).

75 2165 206 2212 Ooenobium
216 2182 270 2225 ergo
279 2166 337 2211 ulad
346 2166 494 2225 praecipuum
504 2167 527 2209 et
538 2164 630 2220 'ilustre
646 2163 761 2222 totiusque

46 2243 135 2289 Ordinis
149 2248 224 2303 eaput,
235 2244 320 2289 deoimo
331 2248 409 2288 ootaro
420 2259 433 2287 a
444 2242 537 2287 Senensi
547 2242 602 2286 urbe
614 2240 719 2285 milIiario
730 2240 761 2284 di-

45 2323 106 2365 stans
114 2323 151 2378 (2),
162 2322 252 2379 insigne
262 2321 384 2379 religionis,
395 2320 509 2376 historiae,
521 2320 620 2377 artisque
630 2333 761 2362 monumen-

45 2388 100 2455 tum,
116 2399 153 2443 eui
168 2400 222 2443 olim
243 2399 399 2443 subdebantur
418 2398 538 2442 inmunera
558 2397 604 2440 fere
624 2395 761 2440 monasteria

44 2489 84 2531 per
104 2476 196 2520 Italiam
215 2477 296 2535 posita,
320 2475 456 2534 «Spioilegii
476 2473 671 2520 Montotivetensis
682 2492 692 2512 »
717 2472 761 2516 erit

45 2557 204 2610 argumentum
228 2538 337 2613 princeps.
359 2552 461 2597 Secundo
484 2556 560 2597 eutem
582 2552 636 2607 looo,
660 2550 760 2595 coenobie

67 2718 93 2766 (1)
106 2720 142 2756 ΡΠ
154 2719 254 2769 Saeuum,
270 2719 403 2769 Commeatum,
417 2719 462 2756 Lib.
476 2719 503 2765 X,
516 2731 536 2767 p.
549 2718 592 2754 262.

67 2778 93 2827 (2)
106 2778 137 2817 of.
151 2780 310 2828 Laronmerm,
324 2780 345 2817 n
357 2780 454 2816 Mereor-io
471 2779 576 2826 Olivetaro,
589 2789 608 2825 p.
622 2777 652 2824 75,
663 2775 759 2823 raugia,

44 2835 70 2872 n.
81 2838 122 2875 ΒΟ.
132 2839 226 2877 XXVIII
233 2852 237 2888 3
252 2840 349 2888 Tirenus,
361 2844 399 2886 ὀρ(
407 2834 448 2887 eit,
461 2851 480 2887 p.
496 2839 513 2876 5.
731 2848 733 2850 ·

113 2935 192 2966 sereneo.
202 2935 292 2966 Mourena
300 2935 359 2965 -Vot
369 2936 381 2963 Ι.
681 2931 690 2961 2
