2060 3342
254 286 281 328 26
495 285 591 326 Antonii
604 288 729 337 Borean-stc

898 359 968 369 —s

254 416 309 457 Dein
320 414 323 470 i
334 416 360 456 de
369 415 504 459 constituere
511 416 603 459 tratrem
610 417 746 459 Bernardnm
754 427 819 468 supra
827 417 968 461 memoratum

254 487 359 535 abbatem,
375 488 412 540 qui
426 490 485 530 omni
495 488 498 544 Ι
509 500 567 531 antio
580 489 730 539 renuntiando,
740 490 819 530 iterum
834 488 861 528 ad
875 487 969 531 eiusdem

254 559 377 601 abbatiatus
396 561 485 613 apicem,
503 562 655 603 assumebatur
670 561 709 615 (1).
720 560 723 615 l
734 560 794 601 Alias
812 561 885 601 autem
904 559 968 603 abbas

254 631 377 683 eligebatur
387 643 400 673 a
409 632 503 685 quatuor
517 633 645 682 senioribus
655 634 692 685 qui
705 632 842 674 vocabantur
853 630 855 686 i
868 631 919 672 socii
934 632 969 672 ab·

254 705 317 745 batis.
332 707 402 748 Erant
416 717 501 759 quoque
515 706 552 746 alii
566 707 660 758 quatuor
676 705 763 752 fratres,
777 703 879 756 appellati
895 703 969 744 visita·

255 776 327 817 tores:
340 775 342 831 l
354 777 391 829 qui
405 777 502 817 ordinem
521 776 590 817 totum
609 776 733 823 visitabant,
747 775 853 816 habentes
869 786 969 827 magnam

255 847 409 889 anctoritatem
418 849 444 889 ab
454 849 481 890 ab
488 839 495 902 i
506 848 561 890 bate.
574 850 605 889 Ac
619 848 695 889 deinde
708 848 732 888 in
745 849 800 889 urbe
809 859 905 896 romana,
914 848 969 889 bone

256 921 360 961 memorie
369 911 423 973 papa
433 922 481 961 Mar
492 919 495 974 i
506 921 565 962 tinus
575 921 681 962 concessit
689 920 720 974 (2)
733 921 873 972 amonuitque
882 920 969 969 fratres

256 992 280 1032 ut
290 990 369 1032 fierent
383 1002 423 1032 sex
436 992 568 1040 visitatores,
580 991 583 1045 i
594 992 631 1044 qui
642 991 645 1046 l
656 991 763 1033 durarent
776 992 858 1033 duobus
869 991 938 1048 annis,
948 993 970 1033 et

255 1063 354 1113 absoluti,
365 1063 412 1104 aliis
422 1064 522 1104 ambobus
532 1063 601 1109 annis,
610 1063 717 1105 vacarent
728 1062 730 1117 i
741 1063 767 1103 ad
782 1063 858 1103 minus.
872 1062 970 1104 delebra-

255 1135 320 1174 batur
330 1134 449 1185 antiquitus
462 1134 566 1185 generale
580 1134 698 1186 capitulum
712 1144 785 1174 annua
796 1132 799 1187 Ι
810 1133 860 1173 tim:
874 1133 900 1173 ad
915 1135 970 1185 quod

255 1206 359 1258 pergebat
378 1206 467 1258 quilibet
486 1207 611 1247 nostrorum
630 1205 813 1247 monasteriorum
830 1206 896 1257 prior,
908 1204 910 1259 l
921 1216 970 1246 cum

255 1278 337 1318 duobus
345 1278 378 1318 sni
386 1280 507 1319 conventus
514 1279 613 1327 vocibus;
624 1279 646 1319 et
655 1278 697 1319 hec
704 1289 786 1327 norma,
794 1279 882 1318 centum
889 1278 957 1318 ferme
966 1277 968 1332 i

255 1351 325 1397 annis,
335 1350 396 1392 stetit
405 1351 541 1391 inviolabilis.
550 1351 613 1392 Nunc
623 1351 707 1392 demum
718 1351 780 1391 extat
790 1351 907 1397 decretum,
915 1350 970 1400 quod

256 1432 279 1461 so
291 1420 294 1475 Ι
306 1422 356 1469 lum,
366 1424 392 1463 de
402 1422 489 1463 biennio
499 1423 521 1462 in
531 1422 650 1471 biennium,
660 1422 783 1474 celebretur
797 1421 878 1461 dietum
889 1420 970 1469 capitu·

256 1496 315 1543 lum;
334 1495 361 1535 ad
379 1495 435 1546 quod
446 1492 449 1548 i
462 1494 621 1543 celebrandum,
642 1493 744 1546 properet
764 1493 854 1545 quilibet
874 1492 970 1544 prelatus

256 1566 327 1607 nostri
337 1566 426 1614 ordinis,
436 1576 484 1606 cum
497 1576 541 1606 nna
555 1564 641 1605 tantum
653 1562 655 1618 i
667 1575 726 1612 voce,
736 1564 757 1604 et
767 1564 823 1615 quod
833 1563 897 1604 abbas
907 1563 971 1603 duret

257 1641 351 1692 quatuor
360 1639 430 1687 annis,
438 1640 486 1690 post
494 1638 555 1679 cuius
563 1637 727 1685 absolutionem,
738 1635 740 1690 Ι
751 1635 869 1687 antequam
878 1635 906 1677 ad
915 1635 971 1676 idem

261 1778 396 1786 .—.——--

257 1872 328 1910 tritius
341 1871 365 1908 de
378 1870 479 1918 Patritiis,
493 1869 588 1906 Senensis
601 1880 675 1916 genere
692 1871 713 1904 et
728 1867 801 1915 patria,
816 1865 850 1902 oui
863 1865 969 1913 successit,

257 1944 309 1969 anno
329 1931 424 1978 sequenti
442 1931 494 1976 1320,
511 1929 633 1966 Ambrosius
647 1939 672 1964 ex
685 1926 764 1963 familia
776 1924 933 1972 Piceoiorninea,
951 1928 971 1960 et

256 2004 309 2029 anno
323 1991 376 2039 1321,
391 1990 460 2027 Simon
471 1990 556 2036 Turius,
571 1988 647 2035 etipse
662 1986 763 2024 Senensis.
778 1984 818 2028 nui
835 1995 911 2031 omnes,
929 1995 970 2020 uno

257 2054 339 2089 tantum
348 2062 408 2099 anno,
419 2061 504 2087 munere
516 2060 555 2085 suo
567 2047 636 2085 functi
644 2049 701 2084 sunt.
711 2046 741 2083 df.
751 2046 907 2091 Lanonnnorrr,
918 2042 970 2079 Htst.

259 2112 317 2159 Otto,
330 2111 347 2159 I,
362 2111 391 2158 14,
406 2111 435 2147 15.

280 2171 307 2220 (l)
320 2170 399 2214 Quarto
408 2170 461 2218 loco,
469 2180 522 2205 anno
530 2168 583 2215 1322,
591 2166 613 2203 in
620 2165 714 2202 abbatem
724 2164 810 2211 cligitur
816 2164 838 2199 B.
846 2161 970 2208 Bernartius,

257 2232 299 2280 qui,
317 2230 407 2277 singulis
424 2228 490 2275 annis,
509 2240 520 2264 a
536 2226 637 2264 fratribus
656 2224 795 2269 confirmatus,
814 2220 934 2269 perduravit
950 2220 971 2256 in

257 2291 322 2328 officio
336 2302 402 2337 usque
416 2288 441 2325 ad
454 2300 486 2324 an.
498 2287 551 2334 1343,
562 2297 602 2333 quo
611 2285 686 2321 coelum
695 2282 762 2331 petiit.
772 2282 802 2318 df.
812 2282 970 2325 Linonmonn,

256 2352 309 2387 Hr'st.
325 2350 382 2395 ono,
396 2348 414 2396 l,
429 2348 496 2394 18-203
511 2346 654 2392 Manduriam,
668 2343 701 2379 Via
710 2344 736 2379 do
744 2342 769 2377 B.
779 2341 870 2376 Barna-u
882 2338 970 2386 Totorndi,

257 2411 310 2458 1888,
325 2410 360 2446 149
373 2420 428 2456 seqq.

280 2470 307 2519 (2)
321 2469 419 2516 rempore
426 2467 500 2515 utique
506 2464 593 2503 Martini
600 2463 624 2511 V,
632 2463 668 2500 sed
674 2474 710 2509 per
716 2461 870 2498 Reiormatores
878 2471 889 2495 a
898 2458 972 2494 Sancta

257 2530 307 2567 Sede
315 2529 399 2571 electos,
407 2526 484 2564 litteris
493 2525 546 2562 datis
555 2524 593 2561 snb
603 2523 635 2560 die
642 2522 703 2559 XVII
710 2520 785 2557 mensis
791 2519 846 2565 maii,
857 2530 910 2554 anno
917 2517 970 2561 1430,

256 2588 369 2627 venerabili
381 2587 436 2635 patri
449 2589 470 2623 et
483 2584 553 2622 abbati
565 2582 686 2620 monasterii
698 2580 775 2617 Montis
785 2578 868 2616 Oliveti.
879 2578 920 2614 cfr.
930 2577 972 2612 Ru-

257 2659 326 2687 arsrn.
335 2647 430 2694 Omvnn,
437 2646 465 2693 II,
473 2645 503 2682 25,
514 2643 579 2681 Primi
587 2648 657 2679 antem
668 2652 704 2677 sex
712 2640 829 2677 visitatores
839 2637 863 2673 ab
872 2637 927 2672 Emis
933 2635 972 2670 Re·

256 2707 405 2745 formatoribus
413 2705 480 2751 electi,
489 2705 578 2741 fuerunt
590 2702 616 2739 fr.
629 2701 749 2738 Jeroninrus
762 2699 785 2734 de
799 2697 891 2742 Perusio,
902 2696 927 2731 ir.
938 2693 972 2730 Ni-

257 2769 327 2804 colaus
340 2767 364 2803 de
377 2767 456 2813 Regno,
470 2766 496 2801 fr.
510 2762 670 2800 Bartholomeus
683 2761 707 2796 de
720 2759 812 2802 Mantua,
827 2758 853 2793 fr.
864 2757 939 2792 Petrus
949 2754 972 2788 de

256 2826 337 2874 Napoii,
355 2826 381 2875 fr.
399 2825 494 2873 Baptista
510 2823 533 2860 de
550 2820 613 2860 Podio
631 2819 709 2867 bonizo,
728 2823 749 2855 et
765 2818 791 2853 fr.
808 2815 932 2853 Benedictus
948 2813 972 2848 de

256 2885 352 2935 Yspania.
863 2892 865 2896 r
