2060 3342
148 389 244 427 Apostolicac

137 432 179 462 Sedis
189 433 244 468 Loga-

137 482 162 509 tus
171 481 187 509 in
199 480 244 509 Etru-

135 529 163 566 ria,
178 536 204 558 eoa
217 537 243 558 co-

136 577 199 613 giroacit.

153 1112 184 1148 Ipsi
191 1111 243 1140 Arcti—

135 1166 171 1187 nmn
190 1165 242 1186 oonsu-

135 1205 168 1234 lunt
180 1206 241 1241 Episco-

135 1262 170 1290 pum
180 1253 205 1289 qni
217 1262 241 1282 cos

135 1301 222 1338 alloquitur.

162 1403 194 1432 Fet.
201 1403 218 1433 2¹.

134 1964 177 1993 Vieio
188 1964 240 1993 eoolno.

263 247 276 287 8
503 247 600 289 Aatoaz'a·
613 250 738 298 Borroeasrs

799 320 976 328 ———-·—---

262 378 352 419 arduam
366 378 434 420 vitam
448 378 523 434 imitat
534 383 555 422 ri
568 381 686 423 studentes.
701 383 770 422 Porro
784 391 833 422 cum
847 391 886 431 per
896 378 977 421 Johan-

262 448 332 501 [n]em
346 461 455 492 summum
470 452 696 505 archima[n]dritam,
708 452 770 505 inqui
780 450 783 505 l
794 451 844 492 sitio
857 449 976 503 legaretur,

261 533 290 563 ne
310 522 345 563 cui
366 523 444 565 liceret
464 525 579 577 gregatim,
600 527 639 566 sub
660 525 762 576 religioso
776 522 859 572 habitu,
874 521 876 576 Ι
891 522 976 574 degere,

261 595 343 647 absque
356 597 461 649 solempni
475 598 607 651 probatoque
621 596 678 644 voto,
693 595 810 638 deventum
825 595 893 636 estad
903 594 976 646 partes

263 667 290 708 Se
301 666 303 722 l
313 679 398 718 aarum,
408 670 444 710 ubi
452 670 563 722 cognitum
571 669 603 711 cst
610 669 713 721 quosdam
721 666 790 708 latere
797 666 879 707 nobiles
886 676 974 718 genere,

263 741 296 781 sot
316 741 356 783 ade
373 741 395 783 et
406 741 409 796 t
420 742 562 784 sanctimonia
581 742 703 790 nobiliores
723 739 853 791 prefatum]
873 738 976 780 videlicet

262 814 421 866 Bernardiqm]
438 826 485 855 cunr
502 814 571 855 sociis.
590 816 646 859 Quos
659 811 772 867 tintuitus,
791 811 841 852 talis
860 810 976 863 inquisitor

264 885 381 925 veneratus
396 884 435 932 cst,
449 885 543 937 henigne
554 884 667 938 [h]ortans
682 884 767 925 eosdem
779 881 781 937 l
792 893 871 935 parere
885 882 975 923 iussioni

262 955 386 1008 cat[h]oliol
400 957 511 1008 principis.
525 957 566 1001 oui
580 954 670 1008 predicti
684 956 759 1007 patres
773 954 902 1007 quantocius
916 953 975 1008 Aret

260 1027 332 1068 tinum
346 1039 419 1069 secum
434 1029 551 1070 consulunt
565 1029 694 1081 episcopum,
709 1028 760 1081 quid
774 1027 831 1069 tacto
841 1037 893 1079 opus
904 1026 937 1068 sit.
948 1027 976 1066 At

261 1100 297 1140 ille
307 1101 464 1152 congratulans
473 1100 476 1155 t
487 1101 543 1142 voris
553 1100 594 1141 ait:
604 1101 721 1153 Postquam
729 1101 802 1141 seculo
810 1099 874 1150 terga
881 1098 976 1147 dedistis,

261 1172 321 1211 rmlla
340 1172 374 1222 pio
393 1172 499 1213 desiderio
511 1171 514 1225 l
525 1171 602 1224 aptior,
621 1172 682 1213 nulla
700 1171 802 1220 sanctior,
821 1170 976 1223 probatiorque

260 1253 337 1283 nonna
351 1243 454 1284 censetur
465 1255 529 1296 quam
539 1244 606 1296 patris
615 1244 665 1284 almi
674 1242 677 1297 l
686 1244 763 1296 regula
771 1243 889 1291 Benedicti,
897 1243 976 1284 discre-

260 1313 319 1356 tione
338 1315 440 1367 precipua
456 1327 482 1357 ac
497 1316 529 1369 (a)
544 1327 644 1357 somnone
659 1314 776 1357 luculenta.
791 1315 819 1356 Et
832 1326 881 1356 culn
893 1313 895 1368 t
907 1315 976 1356 restri

260 1388 360 1428 concives
368 1388 432 1429 titulo
440 1388 537 1440 Virginis
544 1388 642 1440 insigniti
650 1387 780 1440 glorientur,
788 1387 814 1428 ob
821 1387 915 1439 glomose
922 1385 925 1441 t
932 1398 975 1427 ma·

260 1458 302 1499 tris
315 1459 477 1501 narrildissimam
494 1460 651 1512 virginitatem,
664 1458 788 1500 monachali
802 1458 886 1510 placeat
900 1457 973 1511 induit

260 1531 351 1571 candido
361 1530 443 1579 habitu,
453 1531 478 1572 ut
488 1531 585 1582 puritati,
595 1543 638 1583 qua
647 1530 753 1572 secretius
763 1530 868 1578 truimini,
878 1530 901 1570 in
911 1527 974 1583 extet

261 1602 315 1642 riori
323 1613 408 1654 quoque
417 1602 481 1655 gestu
489 1602 616 1643 exhibeatis.
625 1605 710 1654 Eosque
718 1601 844 1643 solemniter
851 1601 942 1642 induens
950 1611 975 1642 ac

261 1685 345 1715 sacram
357 1672 360 1728 Ι
371 1674 460 1715 tradens
474 1675 580 1726 regulam,
595 1685 635 1726 per
647 1684 696 1715 suos
707 1673 818 1715 mandavit
827 1674 921 1722 nuntios,
932 1674 976 1725 pri-

260 1757 319 1786 mum
333 1746 389 1798 apud
404 1746 500 1788 llontem
514 1747 575 1788 Olire
584 1745 587 1799 l
595 1747 612 1787 ti
626 1746 714 1787 fundari
724 1746 816 1797 lapidem
826 1746 916 1787 ecclesie
926 1757 975 1786 con=

260 1817 369 1865 struenda,
384 1828 423 1869 per
437 1817 588 1869 publicumque
602 1817 713 1858 notarium
727 1827 768 1858 con
779 1815 782 1869 t
794 1816 829 1857 tici
843 1817 974 1858 instrumen-

260 1887 312 1927 tum.
326 1887 368 1928 Sed
382 1888 437 1928 laone
446 1888 550 1929 memorie
560 1887 679 1939 prelibatus
689 1887 822 1936 Bernardus,
832 1887 897 1938 paulo
906 1886 908 1940 Ι
917 1888 975 1936 ante,

259 1958 310 1998 dum
324 1958 346 1998 in
362 1959 453 2010 quodam
467 1959 588 2000 consistens
602 1959 686 2000 orasset
700 1958 753 2007 loco,
767 1957 804 1998 ubi
818 1969 877 1998 nuile
891 1958 932 1999 sita
942 1959 976 1999 est

259 2028 358 2078 ecclesia,
368 2027 370 2081 t
381 2029 474 2078 viderat,
488 2031 532 2071 Deo
554 2029 594 2070 sibi
614 2029 734 2078 revelante,
756 2029 836 2069 scalam
848 2027 877 2081 (a)
896 2039 975 2079 argen-

259 2100 322 2148 team,
337 2099 462 2140 tendentem
476 2100 502 2140 ad
517 2100 579 2140 orlen
590 2098 592 2153 Ι
603 2100 654 2147 tem,
668 2098 838 2151 tangentemque
855 2099 931 2140 celum.
950 2101 975 2140 In

259 2172 321 2212 cuius
335 2172 460 2212 summitate
471 2170 501 2225 (o)
516 2172 615 2213 dominns
629 2174 692 2212 Jesus
707 2182 756 2212 cunr
766 2171 829 2212 beata
838 2172 915 2219 Maria,
928 2171 975 2212 eius

259 2242 374 2293 genitrice,
384 2243 444 2282 visus
454 2244 488 2283 est
498 2242 562 2290 stare,
573 2242 663 2282 candida
672 2241 758 2293 quidem
768 2240 842 2282 vestiti
856 2242 959 2283 indumen
970 2240 973 2295 t

258 2315 291 2354 ta:
306 2313 374 2354 Beata
388 2324 442 2354 vero
456 2314 526 2354 Maria
540 2313 625 2354 stellam
639 2314 695 2355 mire
709 2313 878 2365 pulotmitudmis
890 2314 976 2355 videba-

258 2385 296 2425 tur
306 2383 399 2436 'gestare
410 2383 413 2438 l
425 2384 447 2425 in
466 2384 560 2436 pectore.
580 2384 696 2425 Multitudo
715 2384 788 2426 autem
803 2384 897 2425 fratrum
912 2385 976 2425 orarit

259 2456 408 2504 ascendentes
425 2457 448 2497 et
468 2455 731 2510 angelitdescendentes:
753 2467 828 2498 enarres
848 2457 923 2497 tamen
943 2457 976 2497 in-

259 2527 307 2567 duti
321 2525 419 2568 vestibus
434 2528 494 2568 albis.
508 2528 537 2568 At
555 2528 592 2568 ille
611 2527 653 2569 hec
670 2528 753 2577 videns,
767 2526 770 2581 t
782 2527 892 2580 extemplo
907 2527 934 2568 ad
953 2537 976 2567 se

259 2598 348 2639 vocavit
368 2598 457 2646 tratres,
478 2598 544 2652 atque
565 2599 659 2641 ostendit
679 2600 710 2640 eis
732 2599 851 2648 visioneni;
872 2598 977 2653 qrrilhec

285 2788 312 2836 (a)
325 2787 385 2825 Text.
399 2787 426 2824 B:
442 2787 509 2836 Atque.
524 2808 548 2814 -
560 2788 585 2836 (b)
599 2788 658 2825 Text.
673 2787 698 2824 B:
713 2788 827 2826 Stotloaa—
837 2789 860 2836 (a)
874 2788 933 2826 Text.
947 2789 974 2825 B:

261 2847 384 2884 extremitate.
814 2877 816 2879 -
