2060 3342
268 257 295 298 22
464 307 466 312 ,
509 257 605 299 Antonii
619 260 744 309 narnensis

267 398 327 439 papa,
339 385 342 441 l
353 387 391 439 qui
407 388 461 430 tunc
475 389 584 432 residebat
597 392 706 442 riviriani,
720 392 815 434 libenter
828 390 925 442 petitioni
944 403 982 433 sue

267 471 366 501 annuens
379 462 449 502 conlir
459 461 462 517 l
474 463 543 504 mavit
552 465 630 514 omnia,
645 477 686 518 que
696 465 757 506 uobis
771 464 869 506 dominus
879 463 947 505 (tuido
957 465 982 505 de

266 531 328 584 petra
347 533 404 575 mala
423 534 521 576 aretinus
533 534 535 590 l
547 538 659 590 episcopus
678 538 807 579 contulerat.
824 539 858 577 Ex
876 537 910 577 sui
928 548 981 578 vero

266 605 382 647 clementia
395 608 524 660 approbavit
537 609 603 661 atque
619 609 758 651 confirmarit
769 609 867 650 ordinem
876 607 982 658 nostrum,

266 678 391 720 duodecimo
401 681 505 722 kalendas
515 681 627 730 februarii,
634 683 656 722 in
666 681 721 722 iesto
733 679 735 735 t
746 680 882 722 sanctissime
891 680 981 732 Agnetis

267 750 361 802 virginis
371 751 393 793 et
403 752 501 793 martiris
507 751 546 804 (1).
554 754 593 797 Qui
602 753 647 794 dies
655 753 711 804 apud
720 750 722 805 Ι
731 763 770 793 uos
778 751 933 793 celeberrimus
942 751 982 792 ha-

266 822 337 862 betur.
347 824 447 864 Mortuus
461 823 495 864 est
508 823 580 864 autem
590 822 700 875 predictus
710 824 796 863 Bernar
807 820 810 876 l
821 823 866 870 due,
876 822 981 874 vigesimo

265 895 373 935 abatiaius
394 896 427 936 sui
449 906 506 936 anno
526 895 549 935 et
567 895 657 946 septimo
672 892 711 947 (2).
732 893 870 948 Posticuius
893 893 981 943 obitum,

265 977 340 1007 omnes
354 967 442 1008 abbates
456 967 475 1007 ei
491 967 649 1015 successerunt,
663 965 689 1007 ut
704 966 796 1007 inferius
811 977 838 1017 pa
849 964 851 1019 Ι
862 965 922 1006 tebit.
936 966 981 1007 Ista

265 1049 318 1079 vero
333 1038 433 1088 superius
447 1037 510 1086 dicta,
525 1038 572 1078 ideo
590 1038 722 1089 scripsimus,
737 1037 811 1089 utqui
828 1037 870 1078 heo
881 1035 883 1090 Ι
895 1037 980 1088 legerit,

264 1109 282 1150 si
301 1108 411 1160 professus
432 1108 506 1157 fuerit,
524 1110 630 1160 regulam,
649 1120 714 1160 quam
733 1109 773 1159 ipsi
794 1107 886 1159 professi
907 1108 979 1161 suntl

263 1181 343 1233 pudeat
356 1181 391 1221 vel
406 1182 430 1222 in
442 1181 514 1232 alique
525 1191 561 1222 eos
575 1191 619 1221 non
633 1179 727 1220 imitari:
742 1180 758 1220 si
769 1180 842 1221 autem
854 1178 979 1233 professus]

263 1264 306 1294 non
320 1252 397 1301 fuerit,
414 1253 500 1294 studeat
518 1263 609 1305 quoque,
629 1253 701 1294 seculo
715 1253 783 1304 'terga
801 1252 877 1300 dando,
894 1253 979 1294 eosdem

263 1325 300 1366 imi
311 1323 314 1379 t
325 1325 380 1366 tari:
395 1326 413 1366 si
428 1325 453 1366 ad
468 1325 567 1377 gloriam,
582 1337 625 1378 qua
639 1325 679 1378 ipsi
693 1325 805 1373 fruuntur,
819 1324 890 1376 placet
902 1335 979 1376 perve-

262 1396 318 1437 nire.
328 1397 392 1437 Nunc
400 1395 403 1451 l
412 1396 498 1449 quidem
508 1396 530 1452 in
540 1396 708 1448 presentiarum,
716 1407 845 1448 quamquam
853 1406 897 1436 non
907 1397 977 1448 equali

187 1457 218 1525 ’,ᾖῇ
263 1468 325 1508 modo
339 1466 364 1507 ut
379 1467 453 1518 patres
466 1466 543 1514 nostrl,
555 1464 557 1520 l
568 1467 642 1508 tamen
659 1466 767 1518 regularis
785 1465 924 1506 observantia
937 1467 978 1507 dis-

263 1538 328 1579 tricte
337 1538 432 1579 tenetur.
442 1539 497 1579 Nam
507 1538 534 1577 ab
543 1537 619 1589 ydibus
628 1537 631 1592 Ι
640 1538 768 1590 septembris
780 1549 847 1590 usque
857 1539 884 1578 ad
893 1539 978 1579 Domini

163 1749 196 1778 Fol.
206 1751 219 1779 7.
240 1760 241 1763 ¹

153 1816 221 1851 Antiqua

144 1864 236 1893 monachulis

135 1911 240 1943 rntiovivendi.

262 1607 454 1650 Resurrectionem
464 1607 541 1648 cotidie
555 1607 683 1656 ieiunemus,
693 1607 696 1662 l
707 1608 789 1649 nullam
800 1608 886 1660 penitus
895 1608 977 1650 violan-

261 1680 295 1721 tes
306 1679 371 1726 diem;
381 1678 495 1719 dumtaxat
504 1678 560 1719 diem
569 1678 675 1719 Dominioi
687 1678 744 1719 Nata
755 1677 758 1733 l
769 1676 802 1719 lis.
812 1680 837 1719 ln
847 1690 889 1730 quo
899 1680 977 1732 quippe

262 1752 288 1792 ob
306 1751 368 1792 tante
385 1750 542 1802 solempnitatis
563 1751 718 1798 reverentiam,
737 1751 790 1791 mini
804 1749 807 1804 Ι
821 1762 855 1791 me
874 1752 977 1793 convenit

261 1822 377 1863 abstinere.
392 1824 461 1862 Porro
475 1821 552 1873 siquis
562 1821 707 1869 visitatorum,
717 1822 752 1862 vel
763 1822 828 1862 abbas
842 1833 898 1874 gene
910 1820 912 1875 l
924 1824 976 1863 ralis

260 1892 355 1944 aliquem
373 1892 446 1939 vellet,
465 1903 531 1933 causa
552 1892 695 1940 necessitatis,
715 1892 750 1932 vel
769 1893 919 1940 recreationis,
938 1904 976 1934 seu

260 1962 325 2003 etiam
336 1960 339 2016 l
350 1963 456 2003 adventus
471 1962 638 2013 peregrinorum
651 1962 746 2003 fratrum
760 1963 892 2014 dispensare,
902 1964 933 2004 eis
942 1976 976 2005 so-

259 2033 305 2073 lum
319 2032 408 2074 liceret:
423 2033 496 2074 temen
515 2033 536 2072 id
550 2044 576 2073 ra
588 2032 590 2087 Ι
602 2045 627 2074 ro
641 2034 672 2075 fit.
692 2036 798 2086 Tempore
816 2045 910 2086 namque
928 2035 976 2075 vin-

232 2152 233 2156 ,
259 2104 335 2151 demie,
350 2103 457 2145 hactenus
471 2103 599 2144 consuetum
613 2104 656 2155 luit
669 2103 701 2144 dis
713 2101 715 2157 i
726 2114 825 2155 pensare,
839 2104 876 2144 nbi
890 2106 976 2156 oportet

260 2174 400 2216 vindemiare.
419 2174 469 2215 Istis
487 2174 560 2215 autem·
578 2174 725 2226 pretermissis
746 2175 826 2224 diebus,
840 2174 843 2228 Ι
857 2186 897 2216 nec
916 2177 975 2227 prior

258 2247 329 2299 potest
343 2246 469 2298 dispensare
483 2246 621 2296 conventum,
636 2247 717 2299 absque
730 2246 819 2288 licentia
835 2247 918 2288 abbatis
932 2246 973 2301 gel

281 2489 307 2536 (l)
319 2488 350 2524 ef.
365 2486 467 2535 originale
481 2487 571 2535 diploma
584 2487 605 2524 in
618 2488 722 2525 Recrsrn.
736 2487 830 2535 Omrnr,
844 2488 861 2535 I,
875 2488 904 2525 16.

282 2548 308 2595 (2)
322 2546 378 2583 Obiit
389 2547 411 2583 B.
422 2547 444 2584 P.
454 2547 579 2594 Bernandus,
589 2547 652 2593 Senis,
663 2547 779 2594 ann01348,
793 2559 862 2584 mense
875 2551 971 2597 augusto,

257 2607 289 2644 die
302 2608 331 2655 20,
346 2618 421 2653 magna
433 2611 484 2644 tunc
497 2606 617 2655 pestilentia
628 2610 742 2654 grassante.
756 2607 866 2655 Bargensis
879 2608 974 2655 loquitur

256 2666 351 2714 inferius,
365 2667 387 2703 in
399 2665 452 2704 serie
468 2665 613 2714 chronologica
629 2666 727 2703 abbatum
742 2666 877 2714 generalium,
891 2667 915 2703 de
927 2667 972 2716 ipso

257 2728 278 2762 et
287 2724 338 2771 aliis,
349 2725 385 2773 qui
393 2738 441 2762 cnm
450 2726 501 2773 ipso,
511 2725 582 2762 eodem
591 2729 689 2773 tempore,
703 2725 772 2761 eodem
785 2725 880 2773 martyrii
888 2725 970 2773 spiritu,

257 2784 368 2831 eodemque
385 2789 434 2821 actu
451 2784 559 2821 charitatis
576 2797 625 2833 erga
640 2785 708 2835 Deum
724 2787 745 2821 et
762 2784 886 2832 proximum,
903 2785 973 2822 vocati

256 2843 315 2879 suere
328 2842 353 2879 ad
366 2853 463 2880 coronam
475 2843 561 2890 gloriae.
