2060 3342
261 216 389 258 chronicon
402 218 485 259 Moatra
502 220 579 261 Olicet'
748 218 774 257 21

64 291 168 304 l„-

64 347 204 394 substantiam
219 347 367 397 monasteriis,
378 348 413 399 qui
424 348 487 389 etiam
498 350 607 400 profectus
617 350 650 392 est
663 351 704 391 Avi
715 348 718 404 t
729 350 774 390 nio-

63 434 110 467 uem
127 431 167 472 pro
186 419 351 460 confirmatione
368 420 450 460 ordinis
459 419 497 472 (1),
514 422 569 462 Nam
583 423 680 463 Oleruens
697 423 774 463 sextus

65 534 204 544 fl

86 606 112 656 (1)
124 603 234 651 Bargonsis
247 604 360 641 adventum
372 603 395 639 B.
403 602 503 639 Bernardi
511 603 638 641 Avenionem
650 607 716 653 tenet,
728 618 774 643 oau-

63 679 104 705 sam
113 675 161 702 vero
175 662 239 699 huius
247 662 335 709 itineris,
349 662 525 699 confirmationem
539 662 622 708 ordinis,
632 663 697 700 fuisse
706 667 773 711 putat.

63 727 118 770 Quae
131 721 258 758 confirmatio
267 733 304 769 per
312 721 402 769 diploma
415 721 526 758 Clementis
535 720 567 757 Vl
578 735 587 757 <‹
597 721 723 759 Vacantibus
736 724 774 760 sub

63 781 167 830 religionis
189 781 349 828 observantia»,
370 780 411 817 dat.
430 780 527 819 Avinion.
547 780 589 817 XII
605 782 646 817 lral.
667 782 774 830 februarii,

62 845 117 893 pont.
132 852 185 877 anno
198 840 295 888 secundo,
309 840 458 878 incarnationis
468 840 551 877 Domini
564 841 617 888 1344,
630 841 673 878 lata
684 840 732 877 fuit.
743 841 773 877 of.

62 899 136 950 Malloi
146 913 168 937 oo
185 899 388 949 diversalprior'leyr'a
405 899 649 950 Oorrprepota'ouilMoutis
669 901 745 948 Olz'cetr',
763 914 775 937 c

62 960 143 1000 diversis
156 959 281 1006 Pontificibus
293 971 380 996 concessa
390 959 393 1009 l
403 964 458 1007 atque
471 960 589 1006 confirmata.
601 960 637 1010 l*
648 960 775 1008 impressum

62 1020 157 1067 Fulginie
170 1031 206 1067 per
218 1018 362 1066 Augustinum
375 1019 460 1067 Golaldi,
475 1020 530 1068 apud
539 1020 542 1070 Ι
552 1019 685 1057 Vincentium
703 1019 775 1057 Canta-

62 1081 146 1128 gallum,
156 1091 209 1115 anno
221 1079 304 1116 Domini
317 1080 370 1127 1566,
384 1079 436 1127 priv.
446 1079 467 1127 15
481 1080 593 1127 Prz'ca'lepiu
603 1079 606 1129 l
615 1079 687 1117 Sacrae
702 1078 758 1127 Ooap.
771 1079 773 1129 Ι

63 1139 198 1176 uraaactoraa
208 1137 211 1187 l
220 1138 242 1175 S.
256 1140 335 1176 Murice
347 1139 434 1189 Moatra}
447 1139 516 1176 Olivetz'
532 1151 618 1177 concessa
627 1139 674 1189 lper
689 1140 775 1176 notarios

60 1200 144 1248 puhlioos
156 1211 197 1235 orlaa
212 1199 356 1247 eaerapluribus,
373 1211 396 1235 ea
411 1200 478 1246 quibus
491 1203 608 1246 transumpta
625 1204 675 1247 sarrit,
691 1200 774 1249 collato]

62 1265 78 1296 et
90 1259 196 1306 approbata
206 1257 209 1307 Ι
218 1279 241 1285 -
253 1271 303 1295 artare
316 1260 341 1295 cd
353 1259 446 1295 uteutium
458 1261 572 1295 commodam
581 1260 602 1295 iu
613 1260 671 1295 lucem
683 1260 741 1296 edito.
751 1280 774 1287 -

19 1312 20 1315 ¹
62 1317 171 1365 Bononiae,
190 1317 245 1365 apud
260 1318 294 1354 do.
312 1318 417 1364 Rossium,
435 1318 561 1365 MDLXXX,
580 1318 653 1354 Curiae
670 1319 738 1366 Episo.
754 1322 775 1356 et

62 1376 186 1429 Sr-In-quisit.
198 1388 303 1424 concessu,
313 1390 358 1424 pag.
367 1378 408 1425 3-5;
418 1378 576 1424 Lnuonnnor'rl,
586 1378 637 1413 Hist.
650 1377 707 1424 oua,
718 1378 735 1424 I,
743 1379 773 1415 21.

22 1428 23 1431 ¹
85 1432 135 1480 Quo
143 1448 196 1485 anno
209 1448 257 1473 vero
270 1436 293 1472 B.
307 1436 425 1473 Bernardus
438 1436 464 1473 ad
476 1435 547 1473 Sedem
560 1436 710 1485 Apmtohcam,
723 1439 775 1473 tunc

62 1495 163 1532 Avenioni
175 1491 289 1543 degentem,
302 1495 409 1543 profectus
423 1495 457 1540 sit,
471 1498 544 1532 auctor
556 1498 626 1532 noster
639 1495 694 1543 silet,
705 1507 774 1543 quam·

62 1556 92 1592 vis
104 1556 214 1592 innotuere
227 1554 329 1602 videatur,
343 1555 382 1591 hoc
394 1555 474 1591 factum
486 1554 559 1601 fuisse,
573 1555 635 1602 paulo
645 1557 693 1591 ante
702 1556 775 1591 confir-

62 1606 171 1651 mationem
178 1613 260 1651 Ordinis
267 1626 302 1661 per
309 1613 436 1650 Olementem
442 1613 477 1659 VI,
485 1613 577 1650 habitam
584 1625 637 1650 anno
645 1614 698 1658 1344,
706 1625 775 1651 mense

62 1673 168 1720 ianuario,
186 1673 217 1709 die
234 1674 264 1709 21.
282 1673 389 1709 Pontifieis
406 1672 495 1721 diploma
512 1673 578 1709 altum
596 1674 644 1709 silet
659 1673 683 1709 de
700 1673 775 1709 itinere

62 1732 159 1769 Bernardi
166 1744 171 1780 3
185 1732 247 1768 immo
260 1731 356 1780 loquitur
368 1736 451 1769 tantum
464 1731 488 1768 de
501 1732 607 1779 petitione,
621 1732 677 1768 hisce
692 1732 773 1769 verbis:

62 1805 71 1827 «
85 1804 147 1839 quare
159 1791 249 1839 praefati
261 1791 330 1828 Abbas
343 1795 364 1828 et
376 1792 495 1828 Conventus
508 1791 567 1828 nobis
578 1791 688 1828 humiliter
698 1792 775 1839 suppli-

62 1854 140 1897 carunt,
150 1855 175 1887 ut
188 1855 226 1887 eto.
237 1863 254 1887 a.
265 1851 324 1895 Quod
334 1851 352 1888 si
361 1862 432 1888 revera
445 1850 517 1887 adhoc
526 1851 639 1897 negotium,
648 1851 773 1899 Bernartius,

61 1910 85 1946 ad
97 1910 157 1957 pedes
172 1910 279 1947 Pontificio
295 1911 420 1957 provolutus
437 1909 518 1957 fuisset,
534 1913 554 1946 et
566 1910 588 1946 in
600 1910 644 1958 ipso
662 1909 774 1957 diplomate

61 1969 123 2007 huius
137 1970 167 2006 rei
184 1970 260 2006 mentio
276 1970 332 2006 facta
348 1973 408 2007 esset.
423 1969 482 2013 Quod
494 1981 574 2017 semper
590 1973 660 2006 actum
674 1969 739 2006 fuisse
753 1970 773 2006 in

61 2020 212 2075 pontificalibus
221 2029 304 2076 litteris,
315 2033 371 2066 certo
385 2030 462 2066 certius
472 2032 565 2066 constare
574 2040 634 2065 nemo
644 2028 720 2076 estqui
732 2041 774 2065 non

60 2088 133 2125 videat.
147 2090 209 2126 Nunc
227 2093 297 2126 autem
315 2088 399 2126 videant
410 2089 575 2137 patrocinatores
591 2087 672 2125 itineris
689 2089 712 2125 B.
726 2088 774 2124 Ber·

61 2148 124 2195 nardi,
138 2160 165 2184 an
177 2148 216 2184 hoc
228 2148 257 2184 sit
269 2148 361 2185 validum
374 2150 526 2195 argumentum,
539 2159 577 2184 nec
589 2160 622 2184 ne.

83 2207 155 2253 Aliqui
167 2207 267 2254 historici,
283 2208 378 2245 ridentes
390 2208 478 2244 forsitan
491 2211 636 2254 argumentum
649 2207 737 2254 petitum
749 2219 775 2243 ex

60 2265 142 2303 silentio
156 2267 279 2315 diplomatis,
294 2279 336 2303 non
348 2271 439 2315 tempore
453 2266 564 2304 Clementis
577 2266 612 2313 Vl,
623 2266 663 2303 iter
675 2266 774 2303 Bernardi

60 2336 152 2371 posuere,
162 2327 197 2363 sed
204 2329 295 2374 temporo
302 2327 316 2363 J
318 2326 404 2363 ohannis
410 2326 472 2363 XXH
480 2325 554 2376 (XXI):
562 2325 623 2362 immo
630 2326 774 2362 Lancellottus

60 2383 120 2426 (Hirr.
137 2385 194 2432 oua,
203 2386 220 2433 l,
230 2386 249 2435 7)
257 2386 334 2423 litteris
344 2385 468 2433 apostolicis,
478 2388 547 2432 patres
555 2388 637 2422 nostros
650 2385 774 2423 Arinionem

61 2444 85 2479 ad
96 2444 198 2481 iudicium
215 2449 310 2481 evocatos
327 2445 399 2493 fuisse,
418 2444 529 2481 existimat.
548 2443 614 2486 ouem
628 2444 725 2491 sequitur
743 2444 773 2480 Ol.

60 2502 184 2541 Marechaux
193 2504 238 2552 (Vre
247 2506 273 2541 du
281 2505 306 2540 B.
316 2505 408 2541 Beraord
419 2504 507 2551 Tolome'r',
517 2504 569 2549 1588,
579 2515 598 2551 p.
609 2504 632 2540 92
641 2504 714 2551 sequ),
725 2502 774 2539 dum

60 2560 83 2598 D.
99 2562 186 2601 Michael
199 2564 253 2611 Ang.
267 2563 420 2601 Bonhavertius
440 2564 477 2612 (op.
492 2563 532 2609 aa,
547 2562 595 2599 edit.
609 2575 627 2599 a.
637 2560 729 2611 MDCV),
745 2565 775 2600 te-

59 2630 109 2658 nens
118 2622 191 2670 etipse
200 2622 240 2659 duo
249 2627 333 2671 patrum
342 2625 461 2659 nostrorum
470 2622 597 2658 Avenionem
605 2621 687 2670 itinera,
694 2621 718 2657 B.
726 2621 775 2658 Ber-

59 2680 146 2718 nardum
160 2681 244 2719 minime
259 2682 376 2730 profectum
390 2682 455 2718 fuisse
471 2680 582 2728 contendit,
596 2679 632 2718 sed
646 2679 726 2718 misisse
743 2692 774 2717 so·

59 2736 164 2777 lummodo
181 2741 207 2778 ad
223 2740 291 2778 sedem
308 2739 448 2788 Apostolicam
467 2739 519 2777 duos
539 2750 564 2776 ex
582 2737 678 2788 patribus
697 2739 775 2777 nostris

59 2796 186 2837 robustiores
199 2799 381 2847 sapientioresque.
