2060 3342
265 249 392 320 chronicon
405 281 488 322 Montis
505 282 582 323 Olivet'
753 283 779 323 15

66 412 122 456 esset
140 407 281 463 ecclesia(1).
295 408 324 450 At
342 409 385 458 iile,
400 410 425 450 nt
442 411 478 451 uir
497 420 571 463 sagax,
590 414 683 456 libenter
702 425 728 456 ac
746 413 776 469 11Ι

66 481 142 525 daliter
159 479 284 531 adimplevit
298 480 437 532 preceptum:
451 481 474 522 et
487 482 569 523 tamdiu
588 484 665 526 ibidem
678 486 777 527 moratus

65 554 102 602 est,
114 551 117 607 Ι
128 562 240 604 quousque
253 552 299 603 ipse
313 552 412 592 manibus
427 552 472 592 suis
486 551 509 592 in
523 552 668 603 fundamento,
682 555 776 607 primum

15 625 16 628 ’
65 623 135 678 posuit
148 622 190 673 lapi
202 619 205 675 Ι
216 623 264 663 dem
277 621 419 662 benedictum.
429 624 460 662 De
469 621 530 663 cuius
539 622 589 664 fidei
598 623 720 665 testimonio
730 626 777 678 qui-

65 698 111 738 dam
126 704 162 734 ser
177 691 210 745 (a)
225 693 355 741 euardmus,
367 692 370 747 Ι
381 693 480 734 aretinus
499 693 605 742 notarius,
622 695 658 746 qui
677 697 775 736 omnibus

64 767 105 809 hiis
115 763 221 812 interfuit,
232 763 325 805 confecit
337 765 514 813 instrumentum,
525 763 528 818 Ι
539 765 601 805 cuius
615 766 676 817 copia
689 766 715 807 ad
728 778 777 818 pre-

64 847 112 879 sens
122 835 234 892 invenitur
242 834 264 875 in
272 835 363 888 quadam
371 846 441 887 capsa,
449 835 591 887 ubireponun
603 834 606 889 Ι
617 836 655 876 tur
661 836 776 890 priuilegia

44 909 46 914 ’
64 907 155 951 Ordinis.
169 908 215 948 Hec
228 917 282 948 uero
297 907 388 948 ecclesia
402 906 493 948 tundata
506 919 532 948 ae
545 907 671 948 coirstructa
682 906 685 961 Ι
697 908 738 949 fuit
752 909 776 950 in
820 922 852 951 aa.
862 925 875 952 1.

63 984 114 1029 loco,
128 979 157 1020 ub
171 980 198 1019 ad
211 990 301 1030 presens
320 979 372 1020 sunt
388 979 487 1030 sepulcra
501 980 603 1027 fratrum,
618 979 720 1032 contigua
735 979 773 1035 eci
810 994 900 1024 Ecclesia

63 1052 132 1099 clesie,
144 1049 146 1105 Ι
158 1062 200 1102 que
213 1061 273 1091 nunc
286 1049 354 1099 extat,
369 1062 433 1103 quam
448 1062 487 1092 nos
501 1051 569 1092 ocutis
583 1052 664 1092 nostris
674 1053 773 1102 vidimus,
792 1041 848 1097 M⁰3¹t³⁹
861 1044 901 1072 ⁰¹³·

62 1125 111 1167 ante
122 1121 124 1178 Ι
136 1134 201 1175 quam
215 1122 369 1175 destrueretur¹
380 1123 478 1164 totaliter
489 1122 528 1176 (2).
543 1125 606 1164 Nunc
620 1124 689 1175 igitur
703 1126 773 1166 locum
792 1093 827 1121 vm

62 1197 78 1237 si
93 1194 164 1247 placet
171 1194 246 1244 *deseri
258 1192 260 1248 Ι
272 1196 352 1235 bamus.
363 1194 402 1235 Est
411 1194 469 1235 enim
480 1195 544 1235 valde
554 1206 687 1244 nemorosus,
697 1196 719 1237 et
728 1207 773 1237 ma·
807 1208 862 1239 nonin
870 1209 899 1238 on-

62 1266 109 1319 gnis
122 1265 145 1305 in
159 1265 208 1316 giro
222 1265 254 1305 cir
266 1263 268 1318 Ι
279 1263 392 1305 onmdatus
405 1265 495 1316 rupibus
505 1275 530 1304 ae
538 1265 664 1317 precipitiis
672 1267 698 1307 ad
709 1277 772 1318 quem
791 1258 823 1332 ΙΙΙ
834 1257 899 1294 demit·

61 1347 103 1377 non
117 1336 150 1376 est
164 1346 263 1376 accessus
275 1334 278 1389 Ι
289 1334 331 1375 nisi
349 1346 363 1375 a
381 1335 444 1386 parte
462 1334 582 1385 superiori3
599 1336 650 1387 quia
663 1336 692 1376 ihi
706 1337 772 1378 situm
813 1325 817 1332 ’

61 1409 93 1447 est
106 1406 216 1458 palatium,
231 1405 287 1458 quod
300 1405 362 1446 velut
373 1404 375 1458 Ι
387 1406 409 1445 in
423 1415 497 1446 arcem
507 1405 607 1446 habetur.
622 1407 649 1446 Et
663 1417 726 1447 nemo
736 1419 772 1459 po·

59 1478 101 1520 test
115 1477 234 1529 predictum
249 1477 318 1518 locum
333 1477 425 1536 ingredi,
435 1477 477 1517 nisi
490 1477 542 1517 tran
553 1476 556 1532 Ι
567 1478 614 1519 seat
628 1489 668 1529 per
681 1478 724 1519 hoc
735 1490 772 1531 pa-

59 1550 147 1591 latium:
166 1550 189 1590 in
208 1561 249 1602 quo
267 1549 352 1602 quidem
370 1549 541 1601 promptuarium
561 1549 622 1591 extat
641 1561 685 1592 non
704 1562 772 1604 parve

82 1716 109 1766 (a)
123 1716 178 1754 Test.
193 1717 221 1753 B:
236 1717 378 1753 Bernordc'oos.

59 1800 190 1837 «monachus
203 1800 284 1837 abbatie
296 1800 320 1837 de
333 1799 399 1846 Sasso,
413 1799 503 1836 nuncin
516 1799 714 1838 Oathodralinostra
722 1800 771 1837 resi-

59 1860 125 1896 dens»
139 1863 160 1896 et
172 1860 194 1897 in
202 1859 294 1907 margine
305 1859 374 1896 daron.
387 1859 476 1907 Comoedi.¹
488 1860 511 1896 de
521 1859 565 1907 ipso
574 1859 652 1906 iegitur
660 1860 768 1908 scriptum,

58 1931 119 1956 manu
128 1919 218 1956 recenti:
230 1934 239 1955 a
248 1920 291 1956 Iste
300 1919 420 1967 monachus,
430 1923 474 1955 crat
483 1919 574 1955 eiusdem
583 1919 673 1966 episcopi
679 1918 770 1956 vicarius

58 1979 164 2027 generalis,
183 1979 216 2015 uti
232 1979 321 2015 habetur
338 1990 364 2015 ex
379 1978 483 2026 scriptura
500 1978 621 2015 authentica
635 1977 658 2014 in
671 1978 777 2017 Archiate-

57 2037 133 2075 Montis
146 2038 229 2076 Oliveti.
240 2050 256 2074 a.
271 2038 316 2076 nol.
330 2039 348 2075 9,

79 2098 109 2134 De
125 2097 169 2146 ipso
187 2100 207 2134 et
224 2098 248 2135 de
265 2098 311 2135 aliis
327 2097 483 2145 quaestionibus
502 2097 536 2134 hic
549 2097 615 2134 obiter
628 2098 767 2145 pertractatis,

57 2157 149 2194 conferes
161 2157 222 2195 etiam
229 2157 506 2205 Mmrauntm-Oosannom,
514 2156 600 2193 Annales
608 2156 767 2205 Oumaidcleom,

57 2214 81 2263 V,
94 2217 179 2254 306-310,

79 2275 104 2323 (1)
113 2276 235 2324 Episcopale
244 2276 334 2324 diploma
343 2277 397 2325 (Rep.
411 2276 469 2324 ortu,
479 2275 495 2323 Ι,
505 2276 549 2313 doc.
559 2276 576 2324 Ι,
587 2276 605 2324 6)
615 2278 706 2312 testatur
714 2275 767 2312 hanc

56 2336 201 2373 auctoritatem
217 2349 229 2372 a
246 2335 340 2373 Guidone
357 2337 486 2373 commissam
503 2335 637 2383 «presbitero
654 2335 766 2382 Restauro,

56 2392 132 2431 dudum
146 2396 252 2442 capellano
266 2395 351 2432 ecclesie
364 2395 388 2431 de
402 2396 495 2442 Moreiio,
509 2394 563 2442 apud
576 2394 659 2431 domum
671 2394 767 2431 fraterni-

55 2452 104 2490 tatis
117 2458 187 2491 sancte
200 2454 309 2491 Trinitatis
322 2454 346 2491 de
360 2454 431 2491 Auctio
444 2454 579 2491 commoranti
588 2466 605 2490 1).

78 2512 102 2558 (2]
116 2512 160 2560 Iam
169 2514 212 2562 egit
220 2518 299 2557 auctor,
310 2517 331 2551 et
339 2526 376 2551 nos
385 2513 536 2560 adnotavimus,
543 2513 633 2561 primum
640 2513 718 2550 Montis
727 2512 767 2550 Oli-

54 2571 97 2608 veti
115 2574 235 2621 oratorium,
248 2573 314 2611 fuisse
332 2573 351 2611 S.
366 2573 503 2610 Scholasticao
520 2573 618 2620 dicatum,
634 2572 689 2620 quod
705 2573 767 2610 etiam

55 2640 108 2667 nunc
117 2644 168 2680 pene
177 2633 271 2670 dirutum
278 2633 411 2681 conspicitur.
420 2633 480 2670 Nunc
486 2644 535 2670 vero
545 2631 640 2680 loquitur
647 2633 671 2669 de
677 2632 768 2669 secunda

54 2690 144 2738 tempore
159 2693 251 2739 ecclesia,
264 2693 294 2730 ibi
308 2682 410 2729 aedificari
426 2695 492 2739 coepta
503 2691 542 2728 snb
561 2691 669 2728 abbatiatu
683 2691 768 2729 Patritii

54 2747 77 2784 de
89 2749 153 2799 Senis,
166 2764 219 2789 auno
232 2752 312 2789 scilicet
321 2753 405 2798 mia-ao,
415 2763 477 2799 parva
486 2750 576 2799 quidem,
585 2751 621 2788 sed
629 2750 692 2787 etiam
700 2751 768 2799 pictu-

53 2806 80 2844 ris
93 2810 196 2848 adornata.
207 2812 272 2849 Recte
285 2812 398 2849 historicus
410 2815 487 2858 noster,
497 2811 521 2848 G.
532 2811 621 2848 Thomas
630 2810 736 2858 (L'Abdeye
745 2813 767 2848 de

40 2876 42 2879 ’
53 2864 275 2919 MoatdiicetMastnr,
288 2884 307 2919 p.
321 2872 370 2921 111),
384 2874 449 2920 putat
454 2870 519 2908 fuisse
528 2873 670 2908 constructam
679 2884 689 2907 «
699 2870 767 2909 al’en·
