2060 3342
259 227 386 279 cnapadene
399 227 482 277 Montis
500 229 576 282 olineto·
745 229 772 282 49

61 299 273 310 „p-——ss-

60 355 770 411 ous,etateiurenis(a),utpoteannoruni29,quandoelectusest.
796 366 891 418 urrunnun

60 430 95 473 Set
109 427 157 470 erat
168 426 171 482 l
182 429 277 469 moribus
288 439 362 479 senen,
370 429 445 480 gravis
456 428 478 468 in
488 429 587 482 moribus,
596 430 617 470 et
627 431 689 471 valde
699 442 771 478 exem·
795 413 891 498 (fflffss

59 500 137 555 piaris;
157 499 191 549 sta
202 498 204 554 l
215 500 266 541 tura
284 510 383 552 magnus.
398 500 466 541 Valde
484 499 559 548 doctus
578 501 600 541 et
617 502 732 551 presertim
748 502 771 541 in

59 571 136 623 divinis
155 571 306 624 voluminibus.
319 570 321 624 Ι
333 570 476 624 Parcissimus
494 571 517 611 in
536 570 581 618 elbo
601 571 622 611 et
639 572 675 623 pot
692 603 696 611 .
713 571 771 623 Vigii

58 654 124 695 supra
138 643 239 694 modum;
254 643 285 691 iia
299 642 324 693 ut
338 642 426 694 diceret,
438 641 440 695 Ι
452 642 508 694 quod
522 642 592 693 solum
606 643 699 694 quatuor
710 642 771 694 horis
915 682 926 700 ’,Ἰ

58 713 162 762 dormiret
171 714 194 753 in
203 713 272 754 noete.
283 713 376 767 Multum
386 713 470 767 ternpus
480 711 482 766 l
492 713 610 764 occupabat
618 714 639 768 in
648 713 770 761 scribenda
801 741 847 765 ,
956 730 966 757 22

46 786 81 844 nt
96 785 178 836 copiam
193 785 337 836 plurimorum
349 785 455 837 librorum
463 784 537 843 posset
552 783 591 838 pel
603 795 641 825 nes
651 794 674 825 se
683 783 771 824 habere.
992 774 993 782 ’

57 860 81 898 In
94 856 258 909 sermocinando
272 856 295 895 in
309 855 404 909 capitulo
415 855 514 907 generali
526 856 624 907 copiosus
638 855 661 896 et
675 855 755 909 splendi
768 854 770 907 l

57 930 96 981 dus
113 926 167 979 erat.
183 926 253 979 Huius
271 927 376 980 tempore,
395 927 417 981 ip
436 928 505 980 primo
524 937 581 980 anno
595 926 629 974 sui
643 925 771 975 abbatiatus,

57 998 97 1040 luit
111 998 198 1051 quidam
212 997 282 1050 irater
296 999 343 1038 den
355 995 357 1050 l
368 997 413 1049 tilis
427 998 521 1053 nomine,
533 998 621 1052 natione
635 997 771 1051 Mutinensia,

57 1070 89 1115 set
99 1069 192 1122 statione
202 1068 351 1122 Bononiensis.
363 1069 403 1123 dni
412 1069 473 1124 prius
487 1069 587 1127 tractare
598 1067 601 1123 l
612 1069 647 1115 rat
662 1080 710 1119 cum
725 1068 771 1120 qui-

57 1141 144 1193 busdam
159 1139 264 1185 fratribus
278 1140 360 1191 nostris
374 1140 483 1189 rebellare
495 1141 521 1181 ab
531 1141 607 1195 ordine
619 1140 654 1192 (b),
664 1140 771 1181 monaste-

57 1214 114 1254 rium
125 1210 128 1265 l
139 1212 218 1264 Sancte
232 1212 315 1264 Helene
334 1212 359 1254 de
378 1211 482 1265 Venetiis,
501 1213 540 1260 sub
560 1212 664 1264 pretextu
683 1211 771 1260 maioris

56 1282 194 1325 observantie
208 1282 311 1337 iacienda,
322 1282 348 1327 ,et
359 1281 362 1336 Ι
373 1283 450 1336 habuit
464 1283 594 1339 colloquium
606 1294 654 1344 cum
664 1283 770 1341 aliquibus

56 1354 161 1408 nobilibus
175 1353 258 1406 civibus
273 1354 364 1408 velletis,
379 1354 401 1409 et
415 1355 443 1409 ali
455 1353 545 1408 {quibus
560 1354 723 1410 mercatoribus,
733 1353 771 1405 qui

56 1436 129 1472 omnes
139 1425 258 1475 noluerunt
267 1426 400 1476 aquiescere.
410 1425 447 1466 Set
457 1436 505 1466 oum
516 1436 552 1481 res
563 1424 566 1479 l
577 1426 603 1466 ad
613 1436 678 1473 aures
688 1425 770 1466 abbatis

55 1497 163 1549 generalis
175 1496 277 1550 uenisset,
288 1496 346 1536 misit
356 1497 458 1550 Venetiae
471 1496 560 1547 fraires,
572 1495 574 1550 l
585 1497 610 1537 ut
623 1497 739 1552 caperetur
748 1496 771 1544 et

56 1568 180 1615 mitteretur
193 1568 215 1621 in
230 1567 355 1620 custodiam.
370 1569 407 1622 Set
419 1579 468 1608 oum
483 1579 518 1608 res
529 1568 549 1607 ei
561 1569 645 1613 secreto
659 1567 754 1623 innotuis
766 1566 769 1620 l

55 1640 94 1687 set,
108 1639 182 1691 rapuit
200 1639 281 1690 fugam,
295 1640 318 1679 et
331 1640 417 1692 demum
435 1638 551 1694 transtulit
569 1650 592 1694 se
611 1640 638 1695 ad
655 1639 769 1696 concilium

54 1721 136 1762 genera
147 1709 150 1764 l
161 1711 188 1758 le,
199 1710 254 1762 quod
264 1710 317 1750 tuno
326 1710 478 1750 celebrabatur
488 1710 624 1758 Constantie3
633 1710 655 1750 in
666 1721 707 1761 quo
721 1720 770 1750 oon·

55 1782 103 1822 oilie
118 1781 166 1822 erat
180 1792 235 1832 papa
249 1780 357 1821 Martinus
371 1779 490 1837 quintius,
505 1780 592 1823 noviter
604 1781 686 1822 electus
696 1779 738 1834 (1);
748 1780 770 1821 et

54 1852 122 1893 multa
136 1853 192 1903 apud
210 1862 260 1892 eum
278 1851 367 1900 retulit,
378 1852 400 1891 in
420 1852 570 1903 derogantiam
582 1851 585 1905 l
596 1852 678 1892 ordinis
692 1852 768 1899 nostri,

54 1924 179 1975 allegando,
188 1923 244 1977 quod
260 1923 312 1963 ordo
326 1923 401 1969 noster
417 1925 466 1963 erat
479 1923 502 1978 in
516 1934 595 1979 magna
609 1923 721 1973 diuisione,
733 1920 735 1976 l
748 1922 769 1963 ei
808 1962 809 1966 ,

54 1996 117 2046 plura
130 1994 179 2040 alia,
193 1995 250 2048 sieut
264 1993 283 2049 ei
298 1994 384 2045 placuit.
395 1996 429 2034 Ex
439 2005 481 2046 qua
490 2005 516 2035 re
527 1986 637 2046 predictus
646 2005 702 2046 papa
711 1996 769 2035 Mar-

53 2066 118 2114 tinus,
130 2064 132 2119 l
143 2064 230 2106 habens
241 2064 329 2106 mittere
346 2065 369 2104 in
385 2065 469 2106 Italiam
484 2052 613 2118 magistrum
631 2065 768 2123 Leonardnm

55 2136 100 2188 [de]
112 2122 234 2190 Florentia,
253 2137 379 2192 generalem
390 2135 393 2190 l
404 2136 499 2192 fratrum
518 2128 685 2192 predicatorum,
701 2137 768 2187 impo-

54 2208 96 2260 suit
110 2208 150 2262 illi,
163 2207 188 2247 ut
202 2207 299 2262 ordinem
313 2207 413 2263 nostrum
428 2202 534 2256 visitaret,
547 2206 549 2260 1
561 2208 582 2248 et
596 2208 721 2259 provideret
730 2207 767 2247 illi.

53 2280 99 2322 Qua
112 2279 138 2319 de
152 2289 177 2319 re
191 2290 240 2319 cum
255 2278 393 2330 applicuisset
405 2279 523 2328 Florentie,
532 2279 584 2319 lecit
595 2277 597 2333 l
609 2289 730 2319 conuocare
739 2278 767 2318 ibi

53 2350 150 2390 abbatem
169 2350 302 2401 generalem,
321 2350 343 2391 et
361 2361 410 2391 eum
427 2361 453 2391 eo
467 2350 580 2410 venerunt!
590 2350 663 2401 piures
677 2360 706 2390 ex
717 2348 720 2403 l
733 2361 768 2400 pa-

52 2420 122 2461 tribus
140 2421 229 2469 ordinis,
248 2420 331 2461 seilicet
349 2421 420 2462 irater
438 2421 549 2475 iohannes
567 2422 593 2462 de
611 2421 671 2476 Urbe
690 2420 767 2476 ueteri,

813 550 846 579 Fui.
853 550 874 578 1³.

55 2529 194 2536 -——.—..—¹

76 2591 103 2641 (a)
117 2593 176 2629 Text.
190 2593 219 2628 B:
233 2593 322 2629 Idoneus.
335 2612 360 2619 -
372 2592 397 2642 (b)
411 2592 470 2629 Text,
484 2593 513 2629 B:
528 2592 553 2629 od
565 2592 657 2630 ordinent.

76 2685 102 2734 (1)
115 2686 219 2723 Martinus
225 2686 244 2723 V
251 2686 367 2733 eligebatur
374 2686 396 2723 in
403 2663 493 2723 Concilio
502 2685 661 2738 Constantiana,
669 2698 701 2739 an.
711 2686 764 2735 1417,

53 2743 84 2793 die
97 2745 119 2785 11
132 2745 261 2791 novembris:
276 2748 297 2782 et
309 2745 348 2792 lroc
361 2757 414 2782 anno
427 2745 453 2781 i'r.
467 2745 556 2794 (leubilis
571 2745 632 2795 petiit
644 2744 764 2797 concilium,

52 2805 76 2838 ut
88 2801 112 2840 de
126 2802 195 2840 ordine
209 2805 286 2851 nostro,
301 2802 418 2852 nostrisque
431 2803 493 2841 rebus
508 2803 598 2852 turpiter
610 2807 687 2852 ageret.
