2060 3342
92 786 292 856 PROLOGUS
307 786 495 854 ducionis
512 786 548 853 ΙΝ
562 786 778 857 ,benennon

103 1235 211 1277 Antonius
230 1235 370 1288 B[a1²gensis]
391 1236 534 1288 Monachus]
551 1234 583 1289 (o)
604 1234 749 1277 Dilectissimo
768 1237 792 1277 in
837 1237 890 1267 Foll-

78 1308 163 1350 christo
183 1307 226 1348 illio
244 1307 340 1348 Johanni
358 1308 384 1349 de
403 1307 496 1349 diarcha
509 1308 571 1348 Nona
589 1305 627 1360 (l),
647 1307 745 1348 salutem.
766 1309 791 1348 ln

78 1379 182 1433 preterito
194 1378 196 1433 l
208 1379 294 1432 quidem
312 1390 376 1429 anno,
395 1379 444 1420 dum
463 1389 508 1419 una
524 1390 573 1420 cum
587 1377 664 1420 abbate
677 1378 753 1420 nostro
768 1379 791 1419 in
828 1392 918 1422 1111111111
972 1432 976 1440 ¹

78 1451 150 1504 paries
164 1452 248 1493 Veneto
259 1450 262 1505 l
273 1463 329 1500 rum,
344 1440 428 1494 risendi
443 1463 509 1493 causa
522 1452 638 1500 venissem,
652 1451 691 1492 tibi
701 1463 717 1514 a
723 1462 758 1492 me
768 1452 791 1491 in
809 1439 919 1518 tgfflffiii

78 1522 189 1576 provincia
202 1523 272 1563 Flami
283 1522 286 1577 Ι
297 1524 333 1564 nie
347 1522 488 1575 compositum
501 1523 569 1564 detuli
578 1523 659 1564 librum
668 1522 705 1576 (2),
716 1522 791 1574 inquo
810 1538 858 1566 11111,

79 1594 162 1646 quidem
183 1593 341 1645 longitudinem
361 1592 565 1647 laliltudinemquc
586 1593 670 1641 Tuscie,
692 1594 714 1635 et
733 1594 790 1635 unde

78 1664 141 1705 Tusci
161 1664 269 1716 originem
286 1665 404 1713 traxerint,
424 1663 512 1718 qualest
525 1676 552 1706 ve
571 1664 602 1717 (b)
622 1665 746 1705 habeantur
769 1665 791 1704 in

78 1736 179 1784 moribus,
198 1735 254 1777 bella
273 1746 356 1784 eorum,
374 1747 417 1788 qua
435 1736 461 1778 de
476 1747 541 1777 causa
555 1735 693 1788 appellentur
705 1734 707 1789 l
719 1736 791 1782 Tusci,

78 1816 117 1847 neo
135 1817 179 1847 non
197 1807 220 1848 et
238 1806 367 1848 cerimonias
385 1807 483 1858 ipsorum
501 1807 626 1849 describere
642 1804 790 1858 curavimusl

78 1876 204 1917 Oelsitudini
217 1888 311 1929 namque
324 1877 369 1927 tue,
378 1877 494 1929 domnique
503 1876 610 1918 iohannis
620 1876 733 1919 Pratensis
743 1876 792 1916 noo

77 1947 130 1988 toris
144 1949 226 1999 eximii,
235 1961 248 1990 a
258 1961 292 1992 me
303 1948 306 2003 l
317 1950 385 1990 inscio
395 1949 537 2002 imperitoque
547 1949 629 1991 editum
640 1960 693 2001 opus
703 1948 792 2001 graium

78 2020 157 2062 cxliiii.
165 2021 193 2062 ut
200 2022 247 2072 hoo,
255 2022 280 2063 ui
287 2024 342 2064 bene
349 2023 412 2072 nosti,
422 2021 424 2077 l
433 2023 511 2064 accidit
519 2024 543 2064 in
548 2023 637 2064 civitate
642 2021 762 2075 Patavina(
776 2020 791 2074 ).

78 2092 118 2131 Ubi
131 2093 156 2134 tn
169 2093 216 2145 ipse
230 2094 284 2146 legis
299 2095 465 2148 philosophiam,
480 2095 502 2136 el
513 2094 516 2149 l
527 2096 564 2136 ille
577 2095 627 2136 iura
640 2094 712 2136 ciuilia
724 2094 792 2135 docet.

77 2165 167 2218 Insuper
186 2168 248 2208 ambo
262 2167 363 2219 quesistis
378 2168 409 2221 (d)
424 2179 437 2208 a
451 2178 492 2218 me,
506 2169 563 2209 unde
578 2168 685 2219 qualeque
696 2165 699 2220 l
710 2166 792 2207 ordinis
832 2163 833 2166 ’

78 2234 147 2276 nostri
165 2236 233 2278 tuerit
250 2237 389 2290 principium,
408 2239 465 2290 quod
482 2238 556 2290 plures
575 2238 649 2290 patres
669 2237 690 2278 el
709 2236 791 2277 iratres

78 2339 218 2348 ᾗ...-

101 2400 127 2450 (o)
139 2403 165 2439 111
178 2406 239 2441 textu
247 2404 264 2440 B
272 2403 377 2442 habentur
385 2404 449 2443 verba
460 2404 521 2442 haec:
536 2404 638 2451 Iraozpo‘ooi
653 2401 726 2438 cronioe
739 2402 794 2438 obbo

77 2460 126 2496 oiote
139 2463 214 2499 ordinis
226 2465 295 2500 inolitis
307 2464 376 2502 Otiooli
386 2464 388 2513 l
398 2464 494 2501 Antonias
503 2463 600 2511 Broponrr'
605 2461 707 2497 nrollooims
716 2461 791 2498 ordinis

77 2522 144 2557 riboariis
157 2523 233 2572 oliveti!
243 2524 366 2560 dilectissimo
379 2527 411 2560 eto.
421 2544 446 2551 -
459 2523 484 2572 (b)
493 2523 552 2560 Toxi.
563 2521 589 2557 B:
605 2521 635 2557 ool
647 2520 758 2558 tondeantur.
768 2541 792 2547 -

78 2576 101 2626 (c)
114 2579 174 2619 Text.
183 2582 209 2619 B:
221 2583 323 2630 pedicabo.
335 2604 360 2611 -
372 2583 399 2632 (d)
413 2583 473 2620 Toxi.
482 2582 511 2618 B:
526 2580 610 2628 queritis.

101 2673 126 2723 (l)
140 2676 240 2719 Quisnam
256 2677 323 2715 fuerit
339 2678 379 2715 iste
395 2678 433 2723 vir,
451 2675 486 2712 cui
501 2674 599 2722 dirigitur
612 2687 624 2711 a
635 2674 734 2722 Bargensi
746 2687 792 2723 pro-

77 2731 136 2779 logus
149 2736 265 2784 chronicae,
278 2737 321 2784 jam
334 2736 429 2782 superius
442 2734 539 2783 diximus,
553 2747 572 2782 p.
583 2743 640 2772 11111.

100 2792 126 2841 (2)
139 2795 207 2833 Etiam
216 2796 240 2834 de
249 2796 287 2833 hoo
296 2794 406 2842 Bargousis
415 2805 475 2842 opere
486 2793 529 2841 jour
541 2793 623 2841 egimus
631 2805 695 2842 supra
707 2806 726 2841 p.
738 2804 790 2831 xum.
