2060 3342
297 241 393 281 Antonii
407 242 532 290 Barrcnsr's
707 249 774 281 xxvii

90 375 132 420 ΙΠ,
143 398 173 405 —
183 369 294 414 Attamen
304 373 444 428 compertum
454 385 506 426 esse,
515 371 652 427 Bargensem
662 372 773 424 nostrum,

58 450 180 515 juvenilem
199 446 272 490 adhuc
286 449 403 504 gerentem
418 449 522 502 aetatem,
539 445 715 503 Songregaticni
734 446 775 489 Be-

60 527 191 580 nedictinae,
207 524 245 567 0111
259 539 273 567 a
288 524 366 568 Monte
382 523 471 569 Oliveto
487 522 568 566 titulus
584 527 623 579 est,
640 538 723 567 nomen
739 523 776 565 de-

61 608 123 661 disse,
139 603 221 647 scimus
237 617 319 646 omnes.
331 602 365 645 De
376 602 423 646 eius
431 601 542 659 tyrocinio
552 601 613 645 inter
623 601 709 645 nobiles
719 600 775 644 novi

60 684 143 732 ordinis
157 683 248 738 sodales,
260 682 318 725 nihil
328 683 384 726 certi
395 674 494 740 apparet.
506 680 550 725 Sed
561 697 591 725 ex·
599 680 691 738 fastigio
702 679 777 737 digni-

60 762 119 818 tatis,
136 775 180 818 quo
196 762 306 816 evectum,
323 744 427 818 processu
442 759 556 817 temporis,
568 757 730 820 enarqabimus,
742 772 776 799 ar-

60 840 194 897 gumentum
215 851 302 880 sumere
320 836 386 881 liceat
401 837 429 880 ad
445 836 603 880 affirmandam
618 835 689 893 ipsius
705 833 776 877 animi

60 915 223 971 rectitudinem,
235 915 403 973 maximamque
414 915 681 969 constantiaevirtutem,
693 912 775 970 quibus

60 1009 99 1055 per
106 993 184 1037 callem
192 991 341 1049 perfectionis,
350 995 410 1035 recto
418 991 516 1047 tramite,
526 991 649 1035 ascendisse
657 990 774 1033 credimus.

89 1070 113 1114 Si
133 1073 210 1113 autem
231 1069 259 1112 ad
280 1084 363 1113 nomen
378 1069 500 1126 Bargensis
515 1068 632 1112 referenda
647 1071 681 1111 est
696 1067 776 1110 notula

61 1149 169 1208 quaedam
177 1148 202 1191 in
211 1147 305 1205 antiquo
321 1167 330 1186 «
336 1147 469 1204 Necrclogic
479 1147 599 1191 Olivetanc
606 1167 615 1185 »
622 1180 626 1202 ,
634 1148 723 1190 constat
731 1160 776 1188 mo-

60 1226 157 1270 nachum
173 1228 276 1268 nostrum
286 1227 341 1269 vcta
351 1224 450 1268 emisisse
460 1238 520 1267 anno
532 1223 596 1280 1414,
608 1223 644 1266 die
654 1237 708 1267 vero
719 1223 732 1264 2
746 1221 775 1264 fe-

61 1303 145 1349 bruarii
155 1303 186 1358 (1)
193 1299 199 1345 ;Ι
214 1303 274 1360 quod
284 1302 375 1360 quidem
385 1302 410 1345 in
425 1302 521 1346 dubium
531 1302 624 1345 minime
635 1301 774 1346 vocandum:

60 1395 112 1424 nam
128 1382 151 1422 et
166 1394 226 1423 anno
238 1379 296 1422 1415
304 1379 352 1436 jam
363 1379 526 1422 adnumeratur
536 1378 597 1422 inter
608 1377 774 1423 Scriventuales

59 1456 180 1500 Monachus
195 1455 327 1499 monasterii
341 1455 457 1499 florentini
472 1455 550 1499 Sancti
563 1455 665 1499 Miniatis
677 1456 714 1513 (2).
725 1455 774 1498 Hoc

60 1537 135 1577 autem
147 1536 261 1577 testantur
271 1533 390 1591 scriptores
400 1533 529 1591 synchroni,
542 1534 588 1592 qui,
599 1534 700 1591 quolibet
708 1547 774 1589 anno,

60 1626 72 1653 a
88 1609 193 1668 0011111110
208 1609 309 1667 generali
324 1608 474 1666 eligebantur,
490 1610 535 1655 viri
546 1610 608 1654 crnni
618 1610 662 1653 fide
672 1609 738 1667 digni
748 1625 775 1653 ex

58 1682 222 1746 probatissimis
232 1687 484 1746 praestantissimisque,
493 1692 520 1731 ut
528 1688 671 1745 singulorum
681 1688 776 1732 nomina

59 1767 221 1810 monachorum
229 1766 254 1810 in
262 1766 365 1825 apposito
373 1767 453 1823 codice,
465 1767 502 1810 0111
509 1766 592 1810 titulus
607 1786 616 1805 ‹<
625 1766 775 1809 Familiarum

59 1844 145 1888 Tabula
156 1864 176 1900 a,
184 1844 252 1902 juxta
262 1843 442 1901 designationem
454 1843 554 1902 Capituli
565 1848 587 1887 et
598 1843 696 1888 Abbatis
710 1860 776 1902 gene-

58 1923 117 1979 ralis,
133 1923 292 1968 describerent:
309 1937 436 1981 quaerero
454 1943 464 1962 «
481 1923 631 1967 Familiarum
646 1923 746 1966 Tabulae
761 1942 771 1962 »

58 2001 151 2058 proinde
166 2001 290 2045 maximam
307 2000 350 2062 sibi
365 2000 484 2045 vindicant
499 2000 664 2045 auctoritatem.

87 2079 127 2123 IV.
140 2106 169 2112 -
180 2079 202 2123 A
217 2079 354 2123 monasterio
369 2079 490 2123 florentino
505 2079 584 2124 Sancti
594 2079 702 2135 lliniatis,
715 2094 775 2123 anno

61 2157 124 2213 1416,
141 2157 279 2202 transfertur
289 2157 349 2201 inter
360 2156 527 2203 Scnventuales
537 2157 616 2202 Sancti
626 2157 737 2209 Bernardi
748 2157 776 2200 de

60 2234 139 2280 Aretic
149 2237 187 2295 (3),
199 2240 222 2280 01
233 2251 293 2281 anno
306 2236 363 2280 1417
374 2236 495 2281 interillos
506 2237 588 2294 regalis
599 2237 693 2282 coenobii
704 2222 776 2282 Bono-

81 2418 107 2468 (i)
120 2420 165 2456 Hoc
178 2420 291 2468 Necrolcqii
301 2420 706 2468 011001011101001101010101111111111101
713 2422 775 2460 Libro

58 2477 135 2516 Montis
148 2479 225 2517 Oliveti
238 2479 329 2528 Majoris‚
343 2491 410 2527 usque
423 2480 448 2516 ad
462 2492 539 2517 annum
552 2480 604 2528 1520,
614 2493 650 2529 per
660 2481 686 2517 fn
697 2482 776 2519 Lucam

59 2536 82 2573 de
95 2538 194 2588 Bononia,
214 2539 250 2587 qui
266 2539 318 2576 obiit
330 2539 395 2588 Senis,
409 2551 463 2576 anuo
477 2540 531 2587 1520,
548 2544 671 2588 procurator
685 2541 774 2579 Ordinis.

59 2596 118 2634 Anno
132 2599 264 2645 autem1452,
274 2599 318 2647 ipse
327 2599 436 2636 adnomen
446 2599 560 2636 emortuale
572 2600 658 2637 Antonii
665 2600 776 2649 Bargensis

59 2656 171 2708 adnotavit,
185 2659 226 2696 alio
237 2662 306 2696 tamen
314 2662 437 2707 atramento,
448 2672 458 2696 «
468 2659 574 2707 professus
584 2660 638 2708 1414,
647 2660 775 2710 2101100111,

59 2714 187 2756 Bononiae».
455 2738 460 2744 ·

82 2775 109 2826 (2)
121 2778 264 2816 Farrinmauu
273 2779 419 2816 [1101111111.
428 2779 475 2815 1379
482 2779 507 2816 ad
516 2779 607 2828 maan,
615 2791 633 2816 a.
642 2780 696 2829 1415,
704 2793 723 2829 p.
733 2783 774 2819 121.

83 2835 237 2884 (3111111111,
253 2838 314 2887 Tea,
329 2839 357 2888 II,
371 2851 391 2887 p.
406 2839 448 2875 123.

799 451 894 480 Olivetauum

799 499 894 535 amplectitur

799 547 893 575 institutum.

803 2158 840 2188 Eius
846 2158 877 2188 vitu
882 2157 901 2186 ab

794 2214 817 2235 an.
833 2207 867 2234 1416
882 2205 901 2234 ad

795 2262 818 2282 an.
827 2255 867 2282 1419.
