2060 3342
272 247 404 287 chronicon
414 249 497 289 Manita
514 251 591 291 oliveti
760 251 787 291 53

72 362 227 419 monasterium
237 376 367 417 Sanctorum
378 377 455 428 Angeli
466 376 499 431 eti
508 378 597 430 Nicolay
607 380 632 421 de
641 381 721 435 Laude,
731 379 786 421 idest

72 450 123 490 1427
134 446 171 501 (1).
186 448 243 493 Quod
263 448 333 489 ordini
351 447 426 489 nostro
445 448 534 489 tradidit
550 450 640 492 domnus
652 450 654 505 Ι
666 452 785 493 Gordiuaiis

70 519 189 561 Laudensis
197 519 233 573 (2).
244 520 314 561 Huius
321 519 420 571 tempore
430 520 488 561 iacta
498 519 531 561 est
540 521 662 569 forestaria,
672 533 714 574 que
723 521 726 576 Ι
736 533 786 562 oon-

69 592 130 644 tigna
139 591 172 632 est
181 591 313 639 reffcctorio,
323 591 346 632 et
360 601 426 643 penes
440 591 554 632 introitum
569 593 695 634 monasterii
704 592 737 646 (a)
747 592 785 646 (3).

387 765 465 805 XXX.
526 771 527 774 ’

96 900 229 952 Trigesimus
243 900 309 941 abbas
323 900 365 940 aut
378 901 450 941 irater
463 901 575 942 Johannes
589 901 615 942 de
629 901 689 941 Urbe
703 900 784 947 Veteri,
832 914 882 943 xxm

45 961 46 964 ¹
69 973 105 1024 oui
119 983 185 1023 supra
198 972 265 1012 tertio
280 971 369 1021 electus,
380 971 383 1026 Ι
394 973 417 1013 et
431 972 519 1013 durarit
537 972 601 1013 annis
614 973 696 1013 duobus
706 970 745 1025 (4).
759 974 768 1012 Ι
803 962 910 1039 ΠΙΙΙΙΙΙΙΙΕῊ

67 1044 109 1085 ista
128 1044 233 1084 electione
251 1044 347 1084 maxima
365 1045 423 1095 prati
434 1042 437 1098 Ι
448 1055 473 1085 oa
491 1044 524 1085 est
538 1045 602 1092 iacta,
617 1044 638 1085 et
657 1055 700 1084 non
716 1055 784 1094 parua
810 1058 905 1094 (nro-iau.

67 1115 173 1156 discordia
186 1114 246 1156 inter
260 1116 334 1167 patres
348 1115 430 1156 ordinis
445 1117 528 1163 exorta,
540 1114 543 1169 Ι
554 1116 605 1156 lieet
619 1116 680 1167 prius
694 1116 784 1167 incepis-

68 1188 106 1229 set¹
120 1189 168 1238 Ipse
182 1187 310 1238 procuravit
324 1187 364 1227 sibi
378 1186 517 1234 abbatiatum
532 1199 581 1228 oum
595 1197 634 1228 oon
646 1185 649 1241 Ι
660 1188 717 1229 seius
727 1188 785 1228 auset

67 1259 177 1300 cuiusdam
191 1258 250 1299 buiie
265 1259 353 1310 papalis,
367 1270 431 1310 quam
448 1259 502 1299 alias
515 1259 561 1310 ipse
579 1260 664 1300 secrete
678 1259 699 1300 ie
709 1257 712 1312 Ι
724 1259 785 1299 cerat

10 1320 12 1323 ’
67 1330 192 1382 impetrare,
206 1330 296 1378 scilieet,
306 1330 331 1370 ut
341 1330 471 1382 quicumque
481 1330 551 1371 irater
559 1330 688 1381 procuraret
698 1329 785 1371 electio·

66 1413 116 1442 nem
134 1402 161 1442 ab
172 1399 175 1455 Ι
187 1402 241 1441 batis
260 1400 385 1442 inordinata
403 1399 524 1449 affectione,
539 1392 783 1447 excommunicationem

66 1474 155 1514 incurro
167 1471 169 1527 Ι
180 1472 227 1521 ret;
241 1473 264 1513 et
277 1473 368 1517 dicebat,
383 1484 406 1513 se
421 1483 466 1513 nou
483 1484 531 1513 esse
548 1473 654 1513 abbatem.
668 1473 784 1525 Postquam

66 1545 148 1585 eiectus
168 1544 215 1592 tuit,
230 1555 270 1595 per
282 1542 285 1597 Ι
296 1544 379 1595 aliquot
393 1554 485 1593 menses,
500 1543 552 1585 tecit
565 1545 680 1585 concutere
691 1543 784 1595 peritum

66 1616 176 1656 doctorem
187 1615 312 1664 senensem,
325 1626 391 1667 super
400 1614 403 1669 Ι
413 1615 455 1656 hac
464 1627 489 1656 re
499 1615 590 1656 secreto.
600 1616 637 1656 Set
647 1615 725 1667 decipit
735 1625 784 1655 eon-

66 1688 170 1729 scentiam
190 1698 258 1734 suam,
272 1698 316 1727 non
335 1686 478 1738 exprimendo
490 1685 492 1740 Ι
504 1687 586 1727 realem
605 1685 728 1727 ueritatem.
744 1687 784 1726 Hie
840 1674 841 1678 ¹

41 1780 42 1783 =
66 1757 174 1810 cogitabat
188 1757 210 1799 et
224 1759 362 1810 procurabat,
376 1758 401 1798 ut
415 1758 480 1798 abhas
494 1768 521 1809 ge
532 1756 535 1811 Ι
547 1757 629 1798 noratis
648 1757 720 1808 posset
734 1768 784 1797 con·

65 1829 156 1877 firmari,
166 1830 188 1869 et
200 1840 247 1869 esse
262 1829 386 1881 perpetuus,
402 1830 435 1870 set
449 1828 530 1870 fraires
546 1839 588 1869 nou
603 1828 767 1881 acquieverunt.
779 1827 782 1882 Ι
794 1880 796 1883 .

65 1901 105 1941 Hic
118 1900 188 1941 voluit
202 1911 323 1951 procurare
337 1900 523 1947 reformationem,
537 1900 559 1940 et
574 1899 633 1940 misit
651 1902 741 1940 Romam
756 1900 783 1940 ad

65 1972 200 2013 Oardinatem
210 1972 289 2012 Sancte
299 1972 374 2012 Crucis
383 1970 422 2025 (5),
431 1971 455 2011 ui
464 1971 593 2022 dignaretur
603 1981 723 2023 procurare
733 1981 783 2010 oum

88 2148 113 2193 (α)
126 2147 186 2184 Text.
200 2148 229 2183 B:
243 2147 361 2183 Mouastem'i
372 2147 446 2183 Montis
462 2147 537 2183 crinea.

87 2241 113 2290 (i)
127 2242 157 2278 Of.
168 2241 326 2289 Lunammorrr,
336 2253 367 2288 aa.
377 2242 417 2289 ait,
432 2242 449 2289 i,
459 2242 494 2288 393
505 2241 533 2289 ii,
543 2241 591 2287 2053
601 2240 662 2278 Grau.
677 2241 781 2288 Acunum,

63 2300 154 2337 Memorio
166 2303 197 2337 sut
210 2301 292 2337 Comana
305 2301 435 2337 e‘sutt'autua
450 2299 519 2337 Chiaca
532 2300 628 2336 abbatiale
641 2300 662 2335 ut
678 2299 783 2336 Vittaaoua

63 2359 84 2396 in
96 2361 155 2396 Aaou.
168 2360 220 2397 Stoa.
235 2362 256 2397 aa·
268 2361 325 2407 Laut,
339 2360 400 2408 XIII,
414 2360 510 2409 dispensa
521 2359 554 2395 III
567 2371 578 2396 e
590 2358 620 2395 IV
632 2358 702 2407 (1894),
716 2371 736 2406 p.
750 2359 782 2395 ei-

64 2420 243 2468 1683Fan1umu.
258 2420 318 2468 Tua,
333 2420 361 2468 ΙΙ,
376 2432 408 2456 an.
423 2420 477 2465 1427,
490 2432 510 2467 p.
524 2419 572 2455 151’.

87 2479 113 2527 (2)
127 2479 184 2516 eard.
199 2480 293 2526 Angeias
306 2479 435 2517 Summar1va
449 2479 545 2526 (†1428).

52 2578 54 2582 ,
87 2539 113 2588 (3)
127 2538 156 2575 Of.
172 2538 269 2586 Tirones,
284 2551 314 2586 op.
328 2540 369 2585 aia,
383 2551 401 2586 p.
416 2539 458 2574 171,

86 2597 112 2646 (4)
126 2600 144 2635 Α
152 2598 200 2635 Kal.
210 2598 259 2635 maii
268 2598 315 2635 1429
324 2598 350 2635 ad
358 2598 405 2635 Kal.
416 2597 479 2634 maias
489 2597 542 2633 1431.
551 2596 581 2633 ef.
594 2597 710 2632 nimmia.
719 2596 780 2642 Tura,

62 2655 90 2703 II,
105 2669 123 2705 p.
138 2657 181 2694 154.

86 2716 112 2765 (5)
126 2716 184 2753 eard.
200 2716 299 2754 Nicotaus
308 2716 417 2763 Albergati
427 2715 518 2764 [†1443].
528 2713 566 2751 Vir
574 2714 620 2761 iste,
630 2725 678 2751 vere
687 2717 780 2760 sanatus,

61 2774 127 2812 tium·
140 2775 216 2812 artinis
231 2775 422 2822 Garthusianmum,
445 2773 605 2821 Oougregutioni
624 2776 708 2810 nostrae
728 2773 782 2810 mul-

62 2837 107 2871 tum
120 2835 206 2882 profatu.
222 2835 297 2871 Noster
309 2833 393 2871 Besozzi
406 2833 430 2870 (Ie
443 2833 487 2882 ipso
497 2833 572 2870 tradit:
588 2834 647 2870 «Hic
659 2833 780 2881 Carduarum,
