2060 3342
299 233 396 274 Antonii
409 235 534 285 Borqeosr's
696 242 772 273 xxxix

61 304 533 325 W.

0 408 1 411 ,
59 372 95 420 sed
112 365 227 411 luculento
243 377 350 418 sermone,
371 366 466 407 sonatur
480 365 517 420 (1).
528 364 590 416 Quae
608 364 772 420 BeatitudInes‚

57 452 121 511 juxta
141 440 241 487 mentem
260 440 388 497 Bargensb,
404 456 445 499 per
463 455 502 485 sex
522 442 605 498 gaudia
624 457 773 501 supernorum

59 526 140 573 civium
151 517 258 577 compleri
267 518 396 576 putandum
407 522 446 562 est.
458 519 510 577 Ipse
525 519 585 563 enirn
596 519 670 563 addit:
692 540 702 558 ‹<
712 518 773 564 Serre

59 614 154 659 namque
169 597 275 641 debemus
291 596 351 653 quod
366 597 487 640 electorum
499 596 609 653 gaudium
623 597 649 640 in
659 612 698 641 sex
712 597 773 655 prin-

0 717 1 720 ,
59 677 158 740 eipaIiter
174 673 282 730 consistit,
299 673 389 730 seilicet,
405 675 430 718 in
440 674 527 720 visione
542 676 565 717 et
580 675 709 731 cognitione
725 689 774 717 san·

0 808 1 811 Ἴ
59 756 154 804 ctissime
170 751 301 806 Trinitatis;
313 751 338 794 in
353 751 483 795 amoenitate
498 752 551 807 looi;
568 751 593 795 in
605 751 710 796 societate
725 765 774 794 san-

0 852 1 855 *
60 828 376 893 oton1m31nglorifieatione
397 844 515 887 corporum
521 844 526 885 3
547 828 572 873 in
592 829 687 885 inferno,
709 828 774 873 etin

59 909 148 958 mundo.
160 927 170 947 ν)
185 907 247 959 Quae
262 907 351 964 gaudia,
368 921 469 951 sermone
483 906 610 951 erudibione
625 906 731 963 conferto,
746 905 774 950 ab

60 991 147 1034 auctore
162 988 239 1029 nostro
255 984 397 1043 explicantur
411 985 448 1042 (2).
714 1006 716 1009 ·
731 984 773 1036 rifi

88 1065 143 1119 Heu,
159 1077 215 1120 opus
231 1061 366 1119 Bargensis:
382 1062 437 1106 haee
452 1063 491 1108 via
506 1063 643 1121 sequendae
658 1062 775 1106 Bartholo-

60 1157 121 1187 maeo
137 1140 217 1184 Facere
233 1139 258 1183 in
273 1140 409 1184 tractatione
423 1159 433 1178 «
444 1141 472 1183 de
482 1140 595 1197 dignitate
605 1140 703 1185 hominis
714 1143 737 1183 et
747 1141 774 1183 de

60 1216 189 1264 excellentia
204 1216 318 1260 humanae
332 1217 394 1261 vitae
405 1237 425 1260 ».

89 1295 131 1339 Sed
150 1308 194 1352 quo
214 1297 314 1352 tempore
332 1294 387 1337 haee
407 1294 496 1352 soripsit
512 1287 633 1352 Burgensis
653 1298 735 1351 noster,
752 1298 774 1338 et

0 1367 2 1371 ’
61 1388 103 1431 qua
113 1372 201 1416 ratione
210 1371 259 1429 ipse
269 1371 363 1415 Faenius
374 1386 440 1430 opere
450 1371 561 1429 magistri,
573 1373 609 1418 vel
620 1372 691 1431 patris
704 1372 740 1417 sui
749 1373 774 1416 in

61 1463 134 1493 amore
150 1447 241 1504 Christi,
257 1462 312 1492 usus
327 1449 379 1491 est?
394 1449 475 1492 Peneis
491 1450 657 1508 respondemus.

89 1525 207 1584 Soripsisse
227 1525 538 1584 quadragesimafitempom,
556 1530 608 1570 ante
631 1527 714 1571 festum
735 1528 776 1570 Pa·

61 1605 130 1659 sohae‚
150 1603 272 1660 Bargensis
287 1602 335 1660 ipse
351 1606 454 1660 testatur,
471 1604 496 1648 in
511 1604 606 1662 epistola
625 1605 773 1659 dedicatoria3

62 1696 119 1724 anno
135 1695 188 1725 vero
206 1679 270 1735 1447,
288 1694 315 1723 ex
330 1698 340 1717 (ι
351 1680 501 1724 Familiarum
518 1681 627 1725 Tabula»
645 1681 710 1725 faeile
720 1682 776 1725 erui-

61 1762 104 1801 tur.
121 1757 180 1801 Nam
199 1756 347 1815 «capitulum
362 1759 466 1815 generale
481 1773 551 1817 prope
566 1759 687 1803 Senensem
699 1760 777 1804 eivito·

61 1838 106 1877 tem
113 1835 138 1877 in
148 1833 251 1892 proximo
259 1834 418 1883 celebrandurn
426 1854 436 1873 2>
449 1836 477 1879 ad
485 1836 545 1893 quod
553 1836 674 1893 Bargensis
683 1840 777 1894 quanto·

61 1911 106 1954 eius
122 1911 165 1955 sibi
180 1911 348 1969 properandum
363 1926 410 1955 esse
426 1912 511 1968 scribit,
528 1913 681 1957 coadunatum
692 1916 725 1957 est
740 1914 776 1957 die

61 1988 141 2031 ultima
156 1987 240 2032 mensis
258 1987 353 2046 Aprilis,
370 2003 427 2046 quae
447 1989 493 2032 fuit
510 1989 623 2034 dominius
641 1990 710 2034 tertia
724 1994 777 2048 post

61 2064 152 2121 Pascha,
169 2079 229 2109 anno
245 2064 310 2120 1447,
326 2065 351 2108 in
369 2066 468 2110 coenobio
486 2067 572 2111 Montis
583 2066 775 2125 Olivetilliajoris‚

61 2156 129 2200 prope
144 2142 222 2186 Senas:
239 2144 262 2185 et
277 2141 338 2185 inter
352 2146 488 2200 praesentes,
504 2136 626 2202 vocemque
636 2144 661 2188 in
677 2144 776 2203 capitulo

62 2260 202 2268 Ἦ

85 2325 110 2374 (1)
123 2326 155 2363 En
168 2327 206 2365 tibi
214 2328 258 2365 XII
265 2328 409 2365 Beatitudines
418 2328 533 2365 coelestium
543 2327 620 2365 civium
628 2328 650 2365 in
660 2340 720 2376 opere
728 2328 777 2365 Bar-

0 2394 1 2398 *
62 2385 129 2430 gensis
145 2386 265 2433 explicatae.
280 2388 290 2425 Ι
305 2386 429 2424 Beatitudo:
447 2387 536 2424 Satietas
552 2387 595 2424 sine
611 2388 739 2425 infirmitate.
753 2408 776 2415 -

62 2442 94 2479 II:
108 2444 122 2481 J
123 2448 214 2482 aventus
227 2446 272 2483 sine
285 2449 399 2483 senectute.
409 2446 487 2483 -1112
502 2446 589 2483 Satietas
598 2447 642 2483 sine
655 2446 745 2483 fastidie.
753 2468 776 2473 —

0 2525 1 2528 =
62 2500 102 2538 IV:
115 2503 211 2542 Libertas
226 2517 342 2553 corporum.
356 2527 379 2533 -
392 2505 422 2541 V:
437 2505 575 2542 Pulshritudo
592 2505 637 2542 sine
652 2505 738 2542 malitia.
752 2527 777 2533 -

12 2580 13 2583 =
62 2559 101 2596 Vl:
115 2562 273 2610 Impossibilitas
286 2568 308 2601 et
319 2563 471 2601 immortalitas.
485 2584 509 2591 -
522 2564 574 2600 VII:
589 2564 723 2600 AbundantIa
732 2564 776 2600 sine

0 2643 1 2646 =
62 2618 149 2658 defectu.
164 2643 188 2649 -
200 2622 265 2660 VIII:
285 2623 328 2660 Pax
344 2623 388 2660 sine
403 2622 566 2671 perturbatione.
584 2644 608 2650 —-
623 2622 666 2659 IX:
684 2622 776 2670 Requies

0 2692 2 2694 ·
61 2676 104 2715 sine
116 2679 193 2718 labore.
208 2704 229 2710 -
242 2681 275 2718 X:
289 2681 379 2719 Scientia
391 2681 435 2718 sine
447 2681 571 2728 ignorantia.
581 2703 604 2709 -
613 2681 657 2718 XI:
671 2680 743 2718 Gloria
756 2685 777 2718 et

0 2769 2 2772 ,
62 2734 132 2785 honor,
143 2752 204 2787 quem
213 2752 284 2778 omnes
292 2741 355 2777 electi
363 2744 437 2777 mutuo
450 2740 490 2777 sibi
502 2743 614 2788 praestant.
624 2761 647 2767 -
657 2740 711 2777 XII:
722 2740 777 2778 Gau·

62 2793 117 2834 diurn
129 2798 173 2836 sine
186 2799 279 2836 tristitia.

85 2854 111 2903 (Q
124 2857 180 2895 Haeo
193 2859 261 2896 omma
274 2859 408 2896 eontinentur
420 2858 443 2894 in
455 2858 496 2895 XX
509 2858 565 2896 soliis
579 2859 646 2896 nostri
659 2859 745 2895 Codicis.

793 1287 892 1325 mirandoque

809 1335 887 1371 seriptum.
