2060 3342
274 255 300 294 24
515 254 611 297 Antonia·
624 257 750 306 barcensis
787 275 790 281 s

875 328 986 335 -———

273 385 345 426 autem
360 385 438 426 contra
452 386 510 429 hone
521 386 524 442 Ι
536 387 621 437 statem,
634 389 685 441 quid
699 389 733 429 vel
749 388 772 428 in
786 386 874 427 minimo
884 385 940 434 actu,
950 386 989 427 im-

272 456 348 507 pudico
358 455 460 498 videlicet
469 458 547 507 animo,
557 459 641 507 iecerit,
651 460 670 500 ei
682 458 684 513 l
696 459 743 500 dem
753 457 878 499 subiacetnr
886 457 987 498 vindicte.

271 527 429 568 Nocturnalem
439 539 517 581 nempe
525 541 634 582 syncopat,
641 541 706 571 secun
716 528 718 583 l
728 530 778 569 dum
786 528 862 579 regule
870 528 987 577 decretum,

270 598 316 638 tam
332 598 401 639 estivo
415 599 520 651 tempore,
534 611 598 651 quam
614 599 700 651 yemali,
713 598 821 651 sagaciter
832 597 835 652 Ι
846 598 986 640 celebramus.

270 670 316 710 Neo
329 669 389 710 ullus
403 670 462 711 valet
476 669 524 721 post
537 670 675 717 matutinum,
688 670 730 710 nisi
744 681 793 711 cum
804 668 807 723 Ι
819 670 852 710 sni
866 669 953 709 maioris
963 669 987 708 li·

270 742 348 787 centia,
359 743 460 783 dormire.
471 734 533 783 Unde
543 742 628 794 qnidam
638 742 703 782 abbas
713 741 764 782 iecit
775 740 777 795 l
789 742 844 790 iieri,
858 742 880 781 in
894 741 986 792 singulis

220 861 226 871 ¹
270 814 331 854 ostiis
345 815 456 863 cellarum,
471 814 513 854 duo
527 814 640 861 foramina,
654 812 696 864 que
711 814 758 853 clau
770 811 773 866 l
785 823 809 853 sa
822 813 844 854 in
859 813 985 874 quibusdam

270 885 407 925 monasteriis
417 884 489 925 adhuc
498 884 613 925 videntur:
629 883 654 923 ut
667 884 741 923 senior
754 882 986 934 deputatuspotuisset

269 957 345 997 videre
359 955 475 1008 vigilantes
489 954 512 995 et
525 954 663 996 dormientes.
675 954 730 995 Vota
740 953 743 1008 l
754 955 850 1006 proinde,
866 966 907 1007 que
921 955 986 1006 proli·

268 1028 345 1068 tantur
359 1027 397 1074 hii,
409 1027 446 1079 qni
461 1026 605 1067 mundialibus
615 1026 675 1066 curis
684 1027 748 1067 dorsa
757 1026 880 1074 verterunt,
891 1024 894 1079 l
905 1026 985 1077 optime

268 1097 382 1150 hucusque
401 1098 424 1137 iu
443 1097 518 1137 nostro
537 1096 619 1143 ordine,
637 1096 825 1148 communiterque
844 1096 983 1150 servanturt

153 1190 250 1220 D„1„,q„„.
268 1168 374 1212 Quidnam
388 1169 414 1209 de
428 1167 549 1208 obedientia
558 1166 637 1208 dicturi
652 1169 743 1207 sumus?
757 1169 781 1207 In
796 1178 838 1218 qua
852 1166 920 1207 totius
934 1167 985 1207 reli-

143 1240 169 1268 tir
267 1240 337 1290 gionis
348 1238 446 1280 consistit
456 1238 524 1279 robur
534 1237 556 1278 et
568 1238 744 1279 tundamentum?
759 1237 820 1277 Omni
831 1237 916 1289 quidem
926 1248 984 1278 anno

266 1311 293 1350 ab
307 1310 385 1351 abbeie
397 1309 399 1364 l
410 1310 433 1351 et
446 1310 604 1358 visitatoribus,
619 1309 675 1350 liunt
689 1310 714 1350 de
729 1320 785 1351 novo
799 1309 886 1357 icontie,
898 1309 984 1349 mutan-

265 1381 342 1433 tesque
357 1381 438 1422 tratres
450 1379 452 1434 l
464 1380 489 1421 de
504 1381 550 1421 loco
560 1380 586 1420 ad
598 1381 674 1428 locum,
684 1379 709 1420 nt
719 1380 795 1421 melius
805 1380 909 1420 noverint
918 1380 982 1438 saluti

266 1452 338 1492 anime
346 1452 482 1504 singulorum
493 1450 495 1505 Ι
505 1453 629 1492 convenire.
637 1452 727 1493 Mittunt
735 1452 821 1493 cedulas
831 1452 923 1504 singulis
933 1464 982 1493 eorl-

265 1523 374 1570 ventibus,
385 1524 406 1562 in
417 1523 494 1574 quibus
505 1533 543 1562 con
557 1521 559 1576 l
570 1522 671 1563 tinentur
680 1522 822 1569 mutationes;
832 1523 908 1573 quibus
919 1523 981 1564 sicuti

265 1595 385 1647 evangelio,
402 1595 447 1635 tam
466 1594 545 1646 prelati
564 1605 627 1646 quam
646 1594 725 1635 subditi
736 1593 739 1648 l
750 1593 857 1635 obediunt.
872 1594 981 1634 Transmi-

264 1666 380 1716 grantibus
392 1666 450 1706 enim
465 1666 491 1706 de
505 1665 552 1706 loco
566 1665 593 1706 ad
606 1665 672 1705 alium
683 1665 760 1711 locum,
770 1667 858 1716 propter
870 1663 872 1718 l
883 1665 981 1705 obedien-

263 1736 323 1785 tiam,
338 1737 403 1777 datur
413 1749 426 1777 a
436 1725 508 1788 priore
520 1736 653 1783 monasterii,
664 1748 676 1776 a
686 1747 728 1788 quo
737 1737 848 1784 recedunt,
858 1747 885 1788 pe
896 1736 899 1790 l
910 1736 980 1785 cunia,

264 1820 339 1849 eorum
354 1809 423 1849 victui
437 1809 568 1857 necessaria,
583 1810 633 1849 dnm
651 1808 791 1850 itinerantur.
805 1810 830 1849 In
848 1819 895 1849 com
906 1806 909 1860 Ι
920 1809 979 1848 muni

262 1879 367 1931 proiecto,
377 1879 440 1919 iuxta
453 1879 626 1920 beatissimorum
636 1879 723 1930 patrum
734 1879 798 1930 leges,
809 1878 914 1937 vivimus;
924 1889 964 1918 nec
975 1876 978 1930 l

262 1949 321 1990 ullus
336 1949 387 2000 quid
401 1960 455 1998 esse,
465 1950 537 1991 dicere
547 1950 617 1991 audet.
630 1949 666 1990 Fit
680 1949 766 2001 quidem
781 1960 794 1989 a
807 1948 964 1997 visitatoribus,
975 1948 977 2000 l

143 2073 145 2082 ,
262 2022 395 2071 temporibus
410 2023 519 2074 congrum,
534 2033 613 2073 magna
627 2021 738 2073 inquisitio
751 2021 904 2073 proprietatis3
921 2021 978 2061 enim

144 2106 181 2133 ω
262 2093 310 2143 post
320 2091 323 2145 l
334 2093 461 2134 triduanum
476 2095 502 2135 ab
517 2095 548 2134 eis
562 2094 682 2135 terminum
696 2093 825 2145 impositum,
835 2093 860 2133 ut
870 2092 936 2134 moris
946 2093 979 2133 est

261 2163 320 2211 dare,
329 2162 332 2217 l
341 2164 359 2203 si
370 2164 418 2214 quis
427 2176 502 2216 parum
513 2165 548 2206 vel
558 2164 649 2205 multum
659 2164 777 2216 possidens,
786 2164 864 2204 contra
873 2163 978 2204 maiorum

260 2234 352 2274 volunta
363 2232 365 2287 l
378 2234 427 2282 tem,
438 2245 481 2275 non
492 2234 606 2275 ultroneus
619 2234 720 2286 panderit
729 2234 831 2275 delictum
841 2245 910 2283 suum,
920 2234 977 2275 illico

260 2314 353 2344 eroomu
365 2303 367 2358 l
378 2305 473 2346 nicatur,
484 2305 583 2347 Ceterum
594 2305 725 2351 visitatores,
735 2306 761 2346 de
776 2305 908 2346 monasterio
922 2304 977 2357 quod

259 2375 364 2430 visitaret
373 2377 433 2425 runt,
441 2377 556 2429 antequam
564 2378 675 2424 recedant,
683 2377 766 2419 solicite
774 2378 902 2418 scrutantur
911 2377 976 2419 cellas

258 2446 360 2494 fratrum,
369 2457 397 2488 ne
406 2447 434 2486 ali
446 2445 449 2501 l
461 2448 509 2498 quis
516 2448 538 2487 in
547 2446 591 2487 tam
600 2448 670 2499 gravi,
678 2447 899 2499 nefandoquedeiioto
907 2447 977 2488 iaceat

258 2517 346 2567 ignotus
358 2515 368 2570 l.
377 2517 443 2569 Atqui
456 2519 481 2557 ut
493 2519 543 2558 olim
553 2517 664 2569 regularis
674 2517 786 2558 exercitiis
795 2517 930 2568 disciplinam
940 2529 976 2558 ou-

258 2586 354 2627 stodiunt
363 2585 365 2640 l
374 2586 461 2628 iratres.
469 2588 607 2629 Nocturnum
614 2598 668 2628 vero
676 2587 821 2639 diurnumque
829 2587 897 2628 divini
904 2587 975 2639 operis

257 2657 357 2707 officium,
372 2669 422 2699 cnm
435 2658 529 2713 magnai
540 2659 654 2710 diligentia
669 2659 798 2709 celebratur,
811 2659 856 2701 tam
869 2659 976 2700 cantando

257 2738 321 2781 quam
340 2730 438 2781 legendo.
455 2733 480 2771 In
498 2730 608 2782 plerisque
625 2741 659 2771 mo
671 2728 673 2784 l
685 2731 793 2780 nastariis,
810 2731 833 2773 in
851 2731 896 2773 toto
912 2742 975 2783 yeme

257 2800 360 2842 cantatur
374 2800 512 2850 matutinum,
523 2793 634 2853 potissime
643 2802 666 2843 in
677 2812 711 2844 mo
722 2798 725 2856 l
737 2800 833 2845 nasterlo
843 2804 922 2843 Montis
932 2803 974 2844 Oll-
