2060 3342
668 666 735 699 Romae
746 665 792 707 1430,
803 666 847 699 maii
859 667 885 699 17.

256 780 391 822 cardinales
405 780 520 821 Antonias
542 780 652 822 desiniat
665 781 775 821 Niooians
793 777 916 830 attornati,
932 792 947 822 a

231 851 327 892 Samene
345 851 459 899 Pantitae,
477 850 664 900 concinnationis
679 851 810 892 ‹olivetanae
826 852 956 899 illiterata.
1016 832 1022 885 {1}

229 921 289 963 iares
300 922 372 970 electi,
387 923 500 971 qnondam
512 920 671 964 innovationes
683 917 810 963 *decernant
819 919 857 975 (l).

372 1042 435 1093 [Orig.
449 1044 471 1081 in
484 1045 589 1083 Enniana.
601 1043 702 1093 Ouinium,
717 1044 746 1093 II,
760 1042 798 1094 251.

254 1162 369 1217 Antonius,
378 1163 438 1205 tituli
447 1163 517 1205 sancti
530 1164 636 1218 Marcelli,
652 1163 674 1206 et
683 1162 792 1213 Nicolaus,
800 1162 860 1205 tituli
870 1163 945 1205 sancte

228 1234 303 1276 (trucis
317 1235 340 1275 in
353 1235 482 1284 Jerusalem,
496 1235 571 1276 sancte
584 1238 682 1277 Romane
696 1235 793 1277 Ecclesia
805 1234 945 1276 miseratione

190 1331 191 1334 =
227 1306 302 1348 divina
315 1307 431 1359 presbiteri
446 1307 574 1356 cardinales,
589 1307 732 1348 commissarii
746 1308 773 1347 ad
784 1305 787 1361 t
798 1306 945 1358 infrascripta,

228 1377 251 1420 et
264 1378 324 1428 alias,
334 1378 491 1420 reformatores
505 1379 620 1431 generales
634 1379 717 1420 ordinis
731 1377 893 1426 Montisoliveti,
908 1389 944 1419 au·

227 1448 329 1492 ctoritate
342 1450 461 1503 apostolica
475 1450 577 1503 deputati,
587 1450 708 1492 venerabili
717 1450 775 1503 patri
782 1481 786 1491 ,
793 1480 808 1490 ..
819 1449 891 1491 abbati
900 1460 944 1491 mo·

225 1522 319 1563 nasterii
332 1522 494 1572 Montisolireti,
509 1533 535 1564 ae
549 1522 645 1564 eiusdem
660 1522 789 1564 stallorum
802 1520 943 1573 monasterio·
1011 1509 1020 1593 ζ

226 1603 276 1633 rum
287 1590 290 1646 t
301 1593 393 1645 predicti
402 1593 490 1643 ordinis,
500 1596 599 1635 Romane
608 1594 705 1635 Ecclesia
714 1593 837 1635 immediate
846 1592 943 1640 subiecti,

226 1663 342 1715 prioribus,
356 1664 379 1705 et
392 1664 498 1706 tratribus
517 1665 633 1715 universis,
648 1665 740 1706 salutem
759 1665 781 1706 et
799 1666 906 1706 sinceram
920 1664 943 1704 in

225 1735 316 1777 Domino
330 1735 450 1777 caritatem.
1017 1783 1020 1793 Δ

252 1806 326 1847 Omnis
340 1818 394 1849 uera
408 1807 492 1860 religia
508 1807 530 1849 et
543 1808 653 1860 regularis
670 1807 716 1856 vite
731 1806 840 1848 institutio
854 1806 942 1859 ap[pro·
1011 1791 1021 1821 ξ’

225 1878 281 1926 bata,
295 1877 372 1930 certis]
385 1876 388 1931 t
399 1878 503 1920 constare
516 1878 579 1920 debet
592 1878 682 1931 regulis,
692 1878 715 1920 et
729 1878 844 1926 mensuris,
855 1889 881 1919 ac
890 1877 942 1929 legi·

225 1949 271 1997 bus,
285 1950 404 2001 exquibus
418 1960 517 2001 persone,
531 1951 555 1990 in
570 1960 594 1991 ea
610 1950 720 2002 degentes,
735 1948 757 1991 et
771 1949 891 2001 spiritualis
908 1959 941 1990 ca·

203 2044 205 2048 =
224 2019 325 2062 stimonie
339 2021 511 2070 sanctimoniam,
525 2033 551 2062 ae
564 2021 626 2062 recte
639 2020 728 2062 vivendi
747 2020 941 2069 conversationem,
1009 2046 1019 2081 4,

223 2092 341 2133 atmodum
351 2092 469 2141 assumant,
479 2103 514 2141 ne,
526 2091 528 2146 t
540 2093 597 2145 quod
606 2092 668 2140 absit,
678 2103 717 2144 per
726 2091 814 2145 proprie
823 2091 941 2144 voluptatis
1009 2080 1020 2101 ⁴

223 2164 321 2213 abusum,
334 2175 348 2205 a
362 2163 398 2205 via
411 2164 556 2212 rectitudinis,
570 2164 593 2204 in
608 2164 695 2205 derium
709 2163 844 2212 oberrantes,
856 2164 879 2204 in
893 2174 942 2214 pre-

223 2234 320 2287 cipitium
334 2235 425 2283 cadant3
440 2235 477 2276 sed
491 2235 546 2276 sciat
555 2246 684 2287 unaqueque
694 2235 797 2286 ipsarum,
808 2234 858 2287 quid
868 2245 940 2286 agere,

223 2306 303 2358 quidne
317 2305 383 2347 etiam
393 2306 470 2347 debeat
484 2307 510 2346 de
522 2304 525 2360 t
536 2306 614 2347 vitare.
630 2307 705 2358 Nuper
722 2306 828 2358 siquidem
842 2306 869 2346 ad
883 2305 941 2346 audi·

222 2378 269 2418 tum
283 2376 414 2419 sanctissimi
428 2378 450 2418 in
465 2377 552 2418 christo
566 2377 636 2429 patris
647 2377 669 2419 et
679 2377 751 2425 domni
765 2377 836 2420 nostri
850 2375 939 2418 lliartini

245 2543 271 2592 (1)
283 2534 363 2580 Hae'in
375 2542 493 2591 appendice,
510 2541 684 2590 Reformatioues,
699 2552 752 2579 anno
765 2541 819 2590 1430,
838 2542 937 2587 invectas,
1007 2530 1019 2552 “³³⁵

205 2629 206 2632 η
221 2602 298 2639 referre
313 2601 399 2650 placuit,
413 2604 439 2638 ut
451 2601 555 2650 specimen
571 2600 673 2650 quoddam
690 2600 764 2638 harum
780 2601 938 2639 innovationum

221 2660 361 2697 exhiberetur.
374 2661 474 2698 Attamen
486 2660 612 2699 monendum
620 2664 652 2698 est
664 2660 720 2709 quod
728 2672 781 2699 anno
791 2662 838 2698 1432
847 2661 877 2709 (31
886 2672 938 2697 mar·
1005 2697 1017 2716 Αἱ

220 2718 252 2768 tii,
266 2720 370 2758 mannaan.
386 2721 481 2769 Onivnr,
496 2721 523 2768 II,
537 2722 575 2769 22),
589 2720 708 2769 iterumque
721 2733 776 2759 anuo
791 2720 838 2758 1433
850 2722 868 2768 (l
881 2719 935 2766 maii,
1005 2715 1017 2733 ²*

221 2779 325 2817 Rnursnu.
340 2780 435 2825 Onivnr„
444 2780 471 2828 II,
481 2781 518 2829 24),
528 2793 565 2830 per
577 2780 659 2819 eosdem
671 2780 827 2819 Reformatores
836 2781 888 2818 aliae
897 2778 937 2817 edi·
1004 2780 1016 2835 {i

221 2842 254 2877 tae
267 2843 317 2878 sunt
330 2839 498 2879 constitutiones.
1004 2830 1017 2846 Ἠ
