2060 3342
484 290 580 332 Autenti
595 292 709 340 Burpensi

242 363 957 374 -—.—--..-„.—..—-.--—--——-————-“

241 421 310 473 patris
322 420 394 462 domni
402 421 464 463 Petri
474 422 500 462 de
510 420 590 470 Monte,
601 422 695 474 episcopi
704 420 837 469 Bi‘ixiensis;
849 419 851 475 i
863 421 958 473 quierat

241 504 360 544 germanus
375 494 486 535 cuiusdam
498 494 574 534 fratris
582 493 653 534 nostri
664 494 690 534 de
699 491 803 540 uenenis,
813 492 894 533 nomini
907 491 909 547 l
921 496 958 547 Sy-

241 565 356 617 gismundi.
374 566 432 610 cuod
453 566 609 607 monasterium
630 565 728 605 habitum
746 564 779 604 est
795 575 844 605 cum
863 566 956 621 magnei

241 637 322 685 labore,
337 637 388 690 quia
401 638 438 679 iile
452 638 488 690 qui
503 638 603 689 privatus
617 637 691 677 fuerat
700 636 726 677 de
736 646 767 683 eo,
780 636 872 676 multum
882 636 941 678 obsti
953 638 955 693 i

241 708 274 756 lii,
289 721 337 750 cuni
352 709 442 750 brachio
452 709 552 757 seculari,
562 709 584 750 et
593 707 779 760 cumquibusdam
789 707 941 749 cardinalibus.
952 710 955 763 l

169 785 171 788 ’
241 781 278 820 Set
292 780 380 821 favebat
395 781 469 822 ordini
488 779 563 821 nestro
577 791 632 832 papa
646 779 763 832 Eugenius,
778 779 815 831 qui
829 779 891 820 nobis
905 779 955 821 illud

135 1164 200 1193 XXXV.

131 1212 202 1241 Nicolaus

126 1260 205 1295 Regiensis

119 1306 214 1343 (iim-1451),

240 851 349 904 dederat(
363 851 379 904 ).

546 1008 651 1048 XXXV.

266 1145 400 1197 'trigesimus
415 1145 503 1197 quintus
518 1144 583 1185 abbas
593 1144 635 1184 luit
644 1143 715 1185 trater
724 1143 826 1184 Nicolaus
836 1144 861 1184 de
871 1144 939 1196 Regio
950 1143 952 1199 l

239 1216 261 1257 ei
275 1216 363 1257 duravit
377 1216 440 1257 annis
454 1216 548 1268 quatuor
558 1215 598 1269 (2).
612 1215 653 1256 Hic
666 1210 717 1256 lecit
728 1215 776 1256 fieri
786 1215 877 1256 chorum
887 1216 910 1255 in
921 1227 954 1258 ec·

239 1288 271 1329 cle
283 1287 285 1343 i
297 1288 329 1329 sia
336 1288 463 1329 monasterii
471 1288 596 1339 principalis
603 1287 641 1340 (3).
652 1288 722 1328 Huius
732 1287 828 1338 tempore
836 1287 876 1328 luit
884 1298 954 1328 annus

237 1360 319 1408 iubilei‚
330 1360 392 1400 idest.
404 1358 407 1414 i
418 1362 439 1399 4ο
452 1370 510 1399 anno
524 1361 557 1399 sui
572 1359 708 1407 abbatiaius3
722 1350 783 1399 cuius
797 1358 953 1410 indulgentiam

77 1424 135 1497 sque
147 1415 179 1444 ’ὼ
238 1431 419 1472 clementissimus
438 1431 529 1472 domnus
541 1429 543 1485 i
554 1431 656 1471 Nicolaus
675 1429 764 1482 quintus
786 1442 843 1489 papa·
861 1430 953 1482 benigne

237 1502 283 1543 tcto
293 1503 364 1544 ordini
373 1503 448 1543 nostro
462 1514 539 1543 conces
551 1501 553 1557 l
565 1503 599 1551 sii,
613 1502 656 1543 hac
669 1502 771 1543 videlicet
783 1502 914 1543 conditione:
929 1503 953 1543 ut

238 1575 354 1625 presbiteri
369 1585 407 1625 per
421 1574 543 1626 quindecim
555 1572 557 1628 l
569 1574 614 1615 dies
629 1574 723 1622 missam,
738 1584 895 1626 quamcumque
908 1567 953 1615 nel-

237 1646 289 1695 lent,
307 1641 457 1694 celebrarent3
471 1657 497 1686 ac
510 1645 576 1687 etiam
595 1645 654 1685 inira
673 1656 711 1697 pre
723 1644 725 1699 l
736 1646 816 1686 dictum
834 1645 950 1686 terminum

236 1717 272 1757 ter
281 1717 408 1769 psalterium
419 1717 522 1758 dicerent.
530 1717 607 1758 Clerici
618 1716 691 1762 autem
701 1717 786 1768 septies,
795 1717 840 1769 psal
852 1716 854 1771 i
866 1716 951 1765 terium,
973 1773 975 1776 ἱ
1028 1740 1030 1743 v

236 1788 295 1829 iufra
314 1789 379 1830 etiam
398 1788 519 1841 quindecim
538 1789 590 1836 dies,
605 1789 716 1830 dicerent:
734 1789 833 1829 conversi
851 1800 905 1829 vero
916 1787 919 1842 l
930 1789 951 1829 et
1028 1832 1029 1837 ,

236 1861 339 1909 commisi,
358 1860 417 1901 inira
435 1860 583 1912 supradictum
603 1860 729 1908 terminum,
748 1860 846 1901 dicerent
866 1859 950 1913 miliesl
1028 1886 1029 1890 ,

235 1932 380 1983 octingenties
391 1933 458 1980 proter
471 1933 547 1973 creater
561 1932 584 1973 et
597 1935 724 1973 cecinerim
734 1932 788 1972 Sane
802 1932 950 1984 unusquisque
1027 1968 1028 1988 3

235 2004 322 2054 poterat
332 2001 335 2057 l
346 2004 425 2043 dictam
439 2002 581 2055 penitentiam
596 2004 693 2054 incipere
705 2004 790 2055 quando
805 2004 844 2044 sibi
860 2004 950 2055 placuis·
1026 2019 1029 2051 5

235 2074 282 2123 set;
296 2075 314 2115 si
330 2076 402 2115 tamen
416 2075 467 2116 anie
484 2075 519 2115 ter
530 2073 533 2129 l
545 2076 628 2115 minum
645 2075 726 2123 iubilei,
741 2075 777 2127 qui
796 2076 829 2116 est
847 2073 950 2114 nativit-as

234 2146 314 2186 domini
336 2145 471 2197 completam,
491 2146 572 2187 habuia
583 2145 586 2201 l
597 2147 637 2194 set,
655 2157 757 2188 concesso
775 2146 795 2186 ei
813 2146 838 2186 ut
856 2146 949 2186 diximus

233 2217 334 2265 termino,
349 2218 471 2270 quindecim
485 2216 628 2272 dierun1,lad
643 2217 685 2259 hoc
699 2217 826 2258 laciendum.
841 2217 950 2259 Ocncessit
1023 2204 1025 2240 Ῑ

234 2288 299 2329 eiiam
314 2289 338 2328 ut
353 2289 443 2340 quilibet
452 2288 522 2332 irater
536 2290 609 2341 posset
623 2289 663 2330 sibi
677 2290 696 2330 el
709 2288 711 2343 Ι
723 2290 783 2341 igere
793 2298 949 2341 quemcumque

257 2475 282 2522 (1)
296 2474 326 2511 Of.
340 2474 498 2520 Lancanuorrr,
510 2486 540 2521 op.
551 2474 590 2520 cia,
604 2473 632 2520 ΙΙ,
645 2474 692 2522 236;
705 2475 729 2510 L.
744 2474 767 2509 F.
781 2474 812 2510 Fu
824 2473 947 2518 o'Osmmu,
1021 2446 1026 2494 ³,

232 2535 253 2570 Il
267 2534 349 2570 causaue
362 2545 371 2569 c
384 2533 471 2568 l'Adazta
483 2534 505 2569 di
516 2534 612 2581 Rcdcapo,
626 2534 715 2580 Brescia,
729 2534 782 2578 1886,
797 2546 815 2581 p.
826 2534 850 2569 64
862 2543 917 2579 seqq.
926 2551 948 2558 -
1018 2534 1022 2577 j

232 2594 288 2631 Huic
300 2595 426 2631 monasterio
441 2594 520 2631 familia
535 2593 684 2641 adsignabatur
701 2604 754 2630 auno
769 2593 823 2629 1447.
837 2592 868 2629 cf.
882 2592 948 2628 Fuml-
1018 2589 1024 2638 j

232 2664 314 2692 uranon
328 2655 388 2702 Tua,
403 2655 430 2703 ll,
439 2668 463 2703 p.
478 2654 520 2691 aci.

256 2713 282 2761 (2)
295 2714 314 2750 A
326 2714 358 2751 die
372 2715 447 2751 ultima
459 2714 534 2751 mensis
547 2713 625 2762 aprilis,
636 2725 688 2761 quae
699 2712 742 2750 fuit
750 2712 852 2749 dcrninica
860 2712 894 2748 ΠΙ
902 2713 948 2759 post
1016 2750 1018 2765 ἶ

232 2773 311 2810 Pascha
323 2774 372 2810 anni
385 2774 438 2822 1447,
453 2774 477 2810 ad
490 2773 544 2810 diem
557 2775 580 2810 16
592 2773 669 2810 mensis
682 2772 731 2809 maii
744 2772 804 2820 (dom.
814 2772 847 2809 ΙΙΙ
855 2774 903 2819 post
911 2770 948 2806 Pa·
1016 2771 1020 2805 ζ

232 2832 288 2882 seha)
302 2846 334 2870 au.
349 2833 401 2869 1451.
416 2834 447 2870 Of.
462 2833 537 2881 Toum,
552 2834 566 2868 I
573 2833 626 2878 fusti
638 2833 736 2880 olivetani,
751 2844 769 2880 p.
784 2832 846 2868 43-46.

256 2892 282 2940 (3)
296 2893 326 2929 Of.
337 2892 435 2942 Tirenus,
450 2905 480 2940 op.
494 2893 534 2940 ctu,
548 2905 568 2940 p.
583 2893 623 2928 125.
