2060 3342
237 213 365 254 chronicon
378 214 554 256 montuosum
694 217 699 219 “
726 213 753 252 23

44 287 111 302 fl„-

42 345 120 393 neralis
139 353 177 384 seu
195 341 348 391 visitatorum
368 353 410 394 que
427 353 471 384 non
490 343 569 385 leviter
588 343 719 386 conceditur.
734 343 753 383 A

42 416 123 464 Pascha
133 425 203 466 usque
214 413 216 468 Ι
228 415 255 456 ad
264 415 420 462 pentecostem,
430 426 471 456 nec
480 427 547 455 unum
557 416 612 456 diem
625 416 753 463 ieiunemus

42 490 102 535 iuxta
121 486 245 537 preceptum
256 485 259 541 t
270 487 359 539 regule;
373 487 442 528 verba
456 498 540 539 qnoque
556 488 639 528 Domini
655 487 753 529 memori·

43 565 75 603 ter
84 558 211 606 retinentes,
221 557 325 598 dicentis:
340 559 387 599 Non
400 556 403 611 t
414 559 504 609 possunt
518 557 560 598 tilii.
569 559 641 609 sponsi
655 559 753 599 ieiunare

43 628 142 685 quamdin
160 639 208 668 cum
227 629 270 669 illis
288 628 322 670 est
336 639 427 680 sponsus
438 627 476 682 (l).
494 631 512 669 Α
526 628 594 670 Pente
605 627 607 682 l
619 629 677 669 coste
696 629 752 669 enim

44 711 109 753 usque
118 699 145 740 ad
154 700 234 740 testum
240 701 389 745 ‚Exultationis
399 701 477 742 Sancte
487 701 567 749 Crucis,
578 702 685 753 quartam,
694 698 697 754 t
706 710 755 740 sex-

43 776 128 823 tamque
137 770 215 812 teriam
225 772 323 813 ieiunant
332 772 419 821 tratres,
434 783 571 824 nequaquam
585 771 643 812 hanc
656 781 755 811 normam

44 846 77 886 vio
90 841 93 897 l
108 842 184 891 lantes,
199 842 241 883 uisi
259 843 339 884 nimius
358 844 433 885 feruor
447 844 523 885 estatis
541 843 662 885 incaluerit.
676 845 701 883 ln
715 843 756 883 Ad-

44 917 109 967 uentu
128 914 220 963 Domini,
232 912 234 970 t
246 916 269 956 in
284 916 459 968 Quadrupestma,
474 917 497 957 in
516 899 596 968 vigiliis
614 916 640 956 ab
658 914 756 955 Ecclesia

45 987 135 1034 statutis,
150 986 172 1026 et
186 985 210 1026 in
223 987 281 1027 omni
296 987 329 1029 die
343 999 371 1029 ve
382 986 384 1042 t
396 988 463 1037 neris,
477 988 587 1029 lacticinia
596 987 655 1028 haud
665 986 755 1028 comedi·

46 1071 97 1108 mus,
112 1069 153 1099 nec
171 1069 218 1099 ova.
233 1060 315 1100 Carnes
329 1070 381 1100 num
393 1057 395 1113 t
406 1071 471 1112 quam
486 1060 614 1108 mandimus,
629 1060 671 1101 nisi
681 1058 756 1111 grauis

45 1128 189 1173 intervenerit
203 1127 337 1170 infirmitatis
352 1140 416 1171 neces
427 1128 429 1184 t
441 1131 507 1171 sitas:
522 1131 578 1183 quod
591 1131 616 1171 ut
632 1129 756 1171 infirmatus

46 1213 67 1243 se
81 1199 157 1256 melius
175 1199 258 1240 habere
277 1200 410 1251 cognoverit,
425 1201 459 1251 opi
471 1199 474 1254 Ι
485 1201 511 1242 do
529 1201 618 1242 dimittit
636 1211 680 1248 eas,
694 1200 716 1240 et
730 1199 756 1239 ad

46 1271 126 1327 proprii
140 1270 260 1312 conventus
275 1271 397 1313 revertitur
411 1283 480 1312 usum.
493 1271 495 1326 l
506 1274 537 1313 De
551 1273 648 1314 vestibus
662 1272 713 1323 qnid
727 1271 757 1311 di·
775 1280 884 1311 revestitus.

47 1346 106 1386 eami
125 1344 173 1383 Non
192 1343 249 1383 enim
267 1343 362 1395 antiquis
379 1343 475 1395 patribus
494 1343 583 1398 compat
595 1344 657 1385 randi
677 1353 757 1391 sumus

46 1415 81 1467 qui
99 1414 187 1455 modicis
201 1425 227 1455 ae
240 1416 314 1466 paucis
333 1416 410 1466 pannis
426 1416 555 1466 utebantur;
574 1416 647 1457 tamen
658 1416 661 1470 Ι
672 1427 714 1457 nec
727 1414 758 1466 gi-

47 1485 132 1536 rovagis
146 1485 278 1526 conformari
293 1485 407 1527 credimus¹
422 1486 477 1528 Nam
488 1487 574 1528 tunichi
586 1485 588 1541 l
600 1498 652 1528 num
665 1486 759 1538 penitus,
1014 1536 1017 1539 Α

47 1557 92 1597 sine
106 1555 201 1596 evidenti
216 1555 352 1604 necessitate,
367 1557 468 1598 videlicet
486 1557 628 1604 infirmitatis,
639 1555 642 1610 t
653 1558 759 1597 tenemus.
844 1598 977 1622 1

21 1667 22 1670 ,
48 1627 158 1690 (tamisiam
173 1627 246 1667 autem
256 1639 326 1680 neque
338 1628 425 1677 lineam,
435 1640 506 1681 neque
520 1631 605 1670 laneam
620 1626 758 1681 portamus;t
831 1619 855 1635 's

48 1698 82 1739 sed
95 1698 181 1738 tantum
200 1709 266 1750 super
282 1699 340 1739 nuda
354 1710 421 1740 carne
439 1699 557 1751 simplicem
572 1701 675 1740 tunicam.
690 1701 761 1739 Unus-

48 1768 135 1820 quisque
146 1766 149 1821 Ι
160 1769 260 1809 nostrum
274 1770 320 1809 tres
330 1769 357 1810 ad
366 1780 429 1809 usum
439 1769 505 1810 habet
515 1770 607 1817 tunicas,
617 1781 666 1810 cum
676 1769 761 1810 cuculla

48 1911 175 1953 necessarie.
194 1913 249 1953 Nam
261 1910 263 1966 t
275 1912 344 1971 canipae
362 1912 448 1954 difficile
467 1900 622 1961 conceduntur,
639 1913 682 1954 hiis
701 1914 762 1953 dum·

48 1980 109 2021 tanat
130 1992 190 2034 quos,
203 1965 319 2024 infirmitas
331 1981 334 2037 t
344 1994 383 2024 seu
402 1984 503 2024 senectus
523 1983 595 2034 urget,
609 1984 645 2024 vel
659 1983 703 2024 alia
716 1982 762 2023 evi·
803 1993 836 2023 soi.
845 1993 863 2022 r.
926 1969 930 1976 ⁴

49 2052 172 2093 dentissima
186 2064 252 2104 causa
265 2053 365 2105 deposcit.
377 2051 380 2107 t

74 2122 160 2174 Deliciis
174 2124 268 2170 ommno,
283 2124 396 2176 quisquam
415 2124 492 2172 nostri,
507 2124 607 2176 quamvis
625 2123 693 2165 suerit
706 2122 762 2164 anti-
986 2167 996 2184 y,

0 2202 1 2254 ζ
50 2203 109 2243 quus,
127 2196 166 2235 aut
184 2193 359 2249 infirmustnon
379 2196 456 2249 utitur.
475 2196 608 2236 Balnearum
629 2206 682 2236 vero
703 2205 761 2243 usus
790 2207 966 2259 qugffaa

0 2262 2 2321 ξ
50 2264 159 2313 prestatur
167 2265 189 2306 in
200 2266 330 2308 necessitate
338 2267 364 2307 ab
372 2266 448 2307 abbate
460 2265 462 2320 1
473 2266 509 2307 vel
518 2265 674 2307 visitatoribus.
684 2266 762 2307 Nullus

50 2336 167 2378 monachus
180 2337 252 2390 potest
266 2338 404 2386 manducare,
418 2338 457 2379 aut
467 2336 470 2391 l
480 2338 555 2379 bibere
569 2337 617 2378 sine
634 2338 668 2378 sui
684 2337 762 2389 prioris

50 2404 149 2457 lieentia;
163 2410 186 2450 et
199 2410 323 2451 huiusmodi
337 2410 431 2458 licentia,
446 2410 505 2451 haud
519 2409 561 2449 illis
572 2408 575 2463 l
586 2409 712 2450 conceditur
724 2419 763 2460 per

51 2486 136 2528 alinum,
150 2481 184 2522 set
197 2492 237 2533 per
251 2482 307 2524 diem
322 2483 344 2523 et
358 2482 448 2530 horam3
463 2482 519 2534 quod
533 2482 550 2521 si
567 2480 614 2533 quis
630 2491 693 2522 secus
707 2480 763 2522 iece-

51 2546 84 2596 rii,
96 2547 98 2602 Ι
110 2551 214 2593 mandens
228 2552 266 2594 aut
281 2553 355 2594 bibens
370 2553 451 2606 absque
465 2552 559 2601 licentia,
569 2564 582 2593 a
591 2553 665 2604 priore
676 2564 716 2594 suo
725 2553 764 2593 mi-

51 2617 107 2661 uirne
120 2632 149 2663 va
159 2621 162 2677 l
173 2623 204 2664 let
220 2624 316 2665 absolvi:
334 2625 392 2666 enim
410 2625 437 2665 ad
455 2624 555 2666 abbatem
573 2623 708 2667 reservatur.
723 2624 764 2669 Qui

2 2733 4 2741 ι
51 2726 200 2739 *Q*-

73 2790 99 2841 (1)
111 2794 207 2843 ariera,
221 2796 258 2844 ur,
273 2797 307 2843 155
322 2797 400 2843 ariae,
414 2796 442 2845 n,
458 2798 491 2843 195
507 2797 566 2845 aaa,
582 2797 605 2844 V,
619 2797 649 2833 ai.
