2060 3342
351 216 472 265 arapennem
667 271 669 273 ‚
744 221 771 261 67

487 291 770 299 ——-—-——---—-————

54 347 110 394 darn,
120 347 142 388 ct
152 346 254 388 contenta
263 348 284 387 in
295 346 399 399 petitione
412 347 464 400 ipsa,
475 348 500 388 de
510 356 616 390 consensu
630 362 669 402 pre
681 350 683 405 l
695 350 770 402 scripti

54 417 147 469 Gapitnli
161 418 188 459 ad
201 417 244 460 hec
257 417 371 470 presentis,
386 418 467 470 quanto
482 407 567 470 plenius
577 420 655 469 valeat,
668 423 771 473 approba-

54 489 139 530 musei
154 500 192 541 per
206 500 296 541 presens
311 489 451 542 privilegium
470 489 607 530 concedimus
622 491 643 532 et
658 492 771 543 largimur.

49 561 83 611 ,nt
96 561 122 601 ut
135 561 204 612 petita
218 572 257 613 per
266 554 311 610 vos,
321 561 343 602 ct
353 560 375 601 in
390 560 494 612 petitione
508 560 618 610 contenta,
628 562 712 603 cunctis
722 562 772 603 fide-

54 631 111 672 lihus
125 632 211 684 plenius
224 632 335 685 patefiant,
350 631 373 673 et
387 632 498 673 concessio
512 631 588 672 nostra
603 632 625 673 et
634 632 722 683 largitio
736 643 771 684 pe-

54 699 146 744 titorum
160 702 258 744 omnibus
268 704 350 745 clarius
364 704 494 752 innotescat,
505 701 555 743 man
566 701 569 757 l
580 703 655 744 damus
669 702 715 754 ipsa
724 715 772 755 pre-

55 773 112 815 senti
130 774 245 826 privilegio
259 774 406 817 describenda.
421 765 580 817 Committimus
590 774 653 832 enim
667 773 737 815 vicem
751 774 773 815 et

55 845 209 886 anctoritatem
230 845 327 887 nostram
346 846 450 898 religioso
469 847 492 887 et
510 846 603 887 discreto
622 846 678 894 viro,
696 845 773 886 domno

55 916 150 958 lohanni
165 916 272 957 monacho
286 918 384 959 abbatiae
398 918 424 959 de
434 920 504 965 sasso,
515 916 589 958 nostre
603 916 700 964 diocesis,
715 927 773 957 nunc

55 988 77 1029 in
92 988 213 1029 cathedrali
224 989 315 1029 ccclesia
324 989 400 1029 nostra
409 989 520 1037 residenti,
530 989 557 1029 ad
570 989 640 1030 altare
650 989 673 1028 in
683 987 773 1029 ecclesia

55 1060 102 1111 ipsa
115 1059 266 1101 constructum
279 1071 319 1112 per
333 1060 420 1102 (tionem
435 1061 461 1101 de
472 1059 474 1114 Ι
486 1054 575 1109 Tavine,
589 1060 645 1112 quod
660 1058 773 1100 dedicatio·

56 1141 113 1180 nem,
122 1142 188 1183 quam
201 1130 269 1172 vultis
279 1132 357 1173 lacere
371 1142 410 1172 vos
424 1131 542 1184 prescripti
556 1131 689 1179 Bernardus,
704 1130 774 1171 Patri-

56 1201 133 1242 tius...
149 1202 171 1243 et
186 1202 264 1251 socius,
278 1204 323 1244 Deo
337 1203 360 1244 et
373 1203 436 1244 beate
445 1203 515 1244 Marie
529 1203 555 1243 de
565 1189 650 1244 Oliveto
659 1203 685 1243 de
694 1203 774 1250 Acona,

55 1273 79 1314 in
92 1273 225 1314 monasterio
243 1274 373 1315 costruendo
391 1274 470 1315 ibidem
484 1274 524 1314 sub
542 1274 620 1327 regula
634 1273 692 1314 beati
705 1274 775 1313 Benc-

55 1344 113 1393 dicti,
127 1346 150 1386 ct
158 1344 235 1386 habitu
244 1355 270 1386 ac
280 1344 420 1387 observantia
433 1344 563 1393 monachali,
577 1343 669 1397 recipiat
680 1343 728 1385 rice
737 1354 775 1384 no-

56 1417 116 1465 stra3
130 1417 153 1458 ct
167 1416 238 1465 abbas,
253 1427 281 1458 ve
292 1415 294 1470 Ι
306 1417 357 1466 stes,
372 1426 425 1468 quas
440 1416 528 1469 gestare
542 1416 615 1464 vultis,
625 1414 739 1457 benedicat
753 1413 775 1454 et

56 1487 133 1528 induat
147 1487 196 1528 illas
204 1487 273 1528 vobis.
283 1487 337 1529 Item
347 1487 502 1537 committimus
512 1488 582 1528 vicem
592 1483 775 1529 etauctoritatem

56 1558 155 1600 nostram
169 1558 263 1600 discreto
277 1559 325 1599 viro
340 1559 462 1611 presbitero
476 1558 592 1607 Restauro,
606 1558 686 1598 dudum
706 1557 775 1609 capel-

56 1630 106 1670 lano
120 1630 212 1671 ecclesie
221 1630 247 1670 de
257 1630 354 1678 Morello,
365 1629 387 1671 et
397 1640 456 1671 nunc
465 1630 522 1681 apud
532 1630 618 1671 domum
627 1627 774 1670 fraternitatis

57 1700 132 1742 sancte
151 1700 265 1741 Trinitatis
279 1701 305 1741 de
318 1700 394 1741 Aratio
413 1700 562 1748 commoranti,
577 1700 633 1752 quod
651 1698 717 1740 vadat
734 1695 774 1751 adl

57 1772 137 1823 podere
150 1772 176 1813 de
189 1765 269 1820 aeona,
284 1763 306 1813 et
320 1772 391 1813 locum
406 1772 474 1824 magis
489 1771 565 1823 aptum
579 1770 712 1812 monasterio
726 1780 776 1810 con·

57 1843 162 1885 struendo
180 1843 204 1883 in
220 1843 257 1883 illo
271 1842 376 1895 designet,
391 1853 479 1885 crucem
496 1842 550 1895 ligat
563 1843 648 1890 ibidem,
663 1839 777 1882 benedicat

57 1915 119 1955 illum
133 1926 183 1956 cum
196 1914 295 1955 oratione
306 1914 369 1955 solita
379 1914 401 1954 in
410 1914 461 1964 hiis,
472 1915 494 1955 ct
503 1925 543 1966 per
553 1924 592 1955 nos
606 1912 776 1954 benedicendum

57 1986 149 2038 lapidem
163 1985 298 2038 primarium,
308 1985 338 2026 ibi
352 1985 424 2036 ponat.
440 1985 581 2027 Ooncedimus
595 1985 686 2036 insuper
701 1982 774 2023 aucto-

58 2057 124 2099 ritate
141 2057 207 2098 huius
227 2056 335 2109 privilegii
354 2056 377 2097 et
394 2056 508 2108 largimur,
520 2054 522 2109 l
533 2056 559 2097 de
573 2066 664 2097 assensu
684 2053 776 2106 Capituli

58 2128 183 2180 supradicti,
193 2128 249 2180 quod
262 2128 286 2169 in
298 2126 396 2179 predicto
410 2128 457 2168 loco
471 2128 497 2168 de
507 2128 587 2176 Acona,
596 2126 672 2168 nostre
686 2124 776 2166 diocesis

58 2200 106 2247 sito,
120 2198 256 2240 incomitata
270 2201 383 2247 senarum,
397 2198 421 2240 in
435 2198 553 2250 parrochia
567 2197 641 2239 Sancti
650 2195 729 2248 Aiigcli
741 2195 777 2247 [de

58 2272 117 2311 Luco
131 2270 241 2322 pleba]tus
255 2270 322 2321 plebis
332 2270 358 2311 de
372 2268 440 2319 Saltu,
454 2269 544 2312 diocesis
559 2268 689 2321 supradicte,
704 2277 777 2307 mona·

59 2342 151 2383 sterium
165 2341 265 2393 erigatur
281 2341 350 2393 [cum]
367 2341 488 2393 campanili,
503 2340 525 2381 et
539 2340 649 2392 campanis
663 2338 690 2379 ad
708 2337 776 2378 hono-

59 2424 108 2454 rem
120 2412 218 2465 Virginis
232 2411 327 2464 gloriosc
338 2410 341 2466 l
352 2412 392 2452 sub
406 2413 484 2464 regula
499 2412 557 2453 beati
571 2409 689 2457 Benedicti,
704 2408 726 2450 et
741 2410 777 2450 ob·

59 2484 173 2526 servantia
181 2482 311 2532 monachali,
321 2482 343 2524 et
352 2483 444 2524 vocetur
453 2483 610 2524 monasterium
619 2480 698 2522 Sancte
708 2480 778 2521 Maria

60 2555 86 2596 de
100 2554 185 2596 Oliveto
198 2554 222 2595 in
235 2555 315 2601 Acona,
331 2554 397 2605 prout
411 2553 485 2595 extitit
499 2551 637 2605 postulatum.
652 2551 707 2592 Item
721 2551 778 2603 quod

60 2627 120 2667 locus
134 2626 181 2667 sive
195 2625 352 2667 monasterium
367 2625 437 2676 ipsum
451 2635 491 2676 per
505 2623 604 2664 abbatem
621 2622 730 2663 duntaxat
744 2632 778 2662 re-

60 2696 127 2749 gatur
137 2696 160 2738 et
169 2697 305 2749 gubernatur
315 2695 484 2750 inperpetuum,
494 2695 517 2736 et
526 2704 637 2745 nunquam
651 2703 691 2745 per
700 2692 781 2745 laycos,

60 2779 99 2810 seu
110 2766 113 2821 l
125 2768 216 2809 clericos
231 2768 353 2816 secularem
369 2766 402 2807 set
416 2776 502 2818 semper
516 2775 556 2817 per
570 2764 658 2806 abbates
673 2764 695 2805 et
709 2774 780 2807 mona-
