2060 3342
152 650 211 680 XXIX.

140 697 218 727 Andrnees

130 746 228 776 Bononiensis

130 792 226 832 (leet-1429).

255 262 282 302 52
499 263 595 305 Aulona·
607 264 733 314 Beruenses

846 337 973 346 -Ἇ

255 390 288 432 est
306 391 329 432 ln
343 393 476 434 monasterio
491 395 570 435 Sancte
584 396 654 437 diaria
668 395 747 435 inentis
761 396 810 436 Mer
821 392 824 448 l
836 395 878 435 cini
893 396 919 435 de
934 398 972 438 Pe-

254 463 314 504 rusie
324 462 363 517 (l).

564 570 661 609 xxm

279 667 403 719 Vigesimus
417 679 487 709 nonus
501 670 567 710 abbas
580 669 622 710 fuit
635 669 706 710 frater
718 669 817 710 Andreas
830 669 856 710 de
866 670 970 719 Bononia,

252 739 274 780 et
288 739 316 779 du
327 737 330 793 Ι
343 740 403 781 ravit
416 740 479 781 annis
493 740 563 782 tribus
574 739 612 793 (2).
627 741 696 781 Huius
710 741 808 793 tempore
822 740 923 782 habitum
937 742 970 783 est

250 895 344 931 Romane
356 893 448 931 Ecclesie
464 894 563 931 diaconus
576 893 686 931 cardinalis
699 894 886 931 commendatarius
898 907 969 942 perpe·
1004 906 1005 910 ¹

249 957 301 991 tuus
311 954 431 991 monasterii
440 955 508 991 sancti
516 954 586 991 Severi
593 958 652 991 extra
658 966 728 990 mures
737 954 881 991 Urbevetanos
891 953 968 992 ordinis

249 1014 454 1051 Premonstratensis.
468 1013 587 1051 Venerabili
604 1014 626 1050 in
644 1014 726 1050 Christo
743 1015 798 1062 patri
811 1017 832 1050 et
845 1014 919 1051 domne
932 1014 968 1050 Jo-

247 1072 312 1110 hanni
325 1073 396 1110 abbati
408 1074 528 1110 monasterii
540 1076 660 1110 sanctorum
669 1073 761 1121 Philippi
770 1077 791 1110 et
801 1073 815 1110 J
816 1073 875 1110 accbi
883 1074 908 1110 de
917 1073 968 1111 villa

248 1133 344 1180 Ruffene,
359 1133 437 1170 ordinis
449 1132 527 1170 Montis
540 1132 623 1181 Oliveti,
634 1133 712 1170 aretine
725 1133 819 1180 diocesis,
830 1133 851 1169 in
861 1133 916 1170 dieto
926 1145 968 1171 mo-

246 1192 338 1229 nasterio
350 1192 418 1229 sancti
430 1192 499 1230 Severi
512 1193 642 1241 procuratori
654 1196 733 1240 nostre,
746 1193 836 1229 salutem
849 1192 870 1229 in
884 1193 966 1229 dominc

246 1252 397 1299 sempiternam.
411 1252 497 1289 Plenius
509 1252 616 1289 informati
629 1252 685 1300 quod
696 1264 739 1300 vos,
754 1264 824 1289 omnes
838 1256 859 1289 et
871 1252 966 1300 singulos

245 1312 336 1360 fruetus,
351 1312 445 1349 redditus
458 1316 479 1349 et
491 1316 606 1360 preventus
619 1312 711 1350 eiusdem
723 1312 845 1349 monasterii
858 1314 925 1349 saneti
934 1312 966 1349 Se·

245 1372 296 1419 veri,
309 1371 376 1420 nobis,
392 1375 417 1408 ut
433 1372 571 1420 premittitur,
587 1372 730 1418 commendati,
748 1384 785 1421 per
804 1383 841 1409 vos
860 1384 927 1419 usque
944 1371 966 1409 in

245 1435 362 1479 presentem
380 1432 434 1468 diem
451 1432 644 1479 quomodocumque
660 1431 749 1477 habites,
766 1435 857 1478 exactos,
871 1434 965 1479 receptos

245 1496 266 1527 et
278 1491 365 1538 levatos,
375 1503 411 1540 pro
421 1491 513 1529 evidenti
521 1492 643 1528 necessitate
652 1491 707 1538 usui,
718 1491 785 1529 victui
794 1495 815 1527 et
823 1492 904 1528 vestitu
913 1494 966 1531 eluse

244 1553 290 1588 dem
303 1550 429 1598 monasterii,
440 1551 589 1588 monachorum
602 1554 623 1587 et
636 1555 756 1598 conventus,
770 1564 794 1588 ac
807 1551 859 1588 alias
867 1551 889 1587 in
897 1551 964 1598 ipsius

243 1611 365 1648 monasterii
375 1610 491 1648 evidentem
504 1610 625 1658 utilitatem,
635 1611 765 1647 commodum
778 1614 800 1647 et
812 1611 964 1658 reparationem

242 1671 374 1717 integraliter
387 1670 513 1716 exposuistis
526 1673 547 1707 et
560 1670 700 1717 dispensastis.
709 1670 779 1717 Igitur
792 1681 829 1718 per
841 1682 879 1707 nes
888 1673 909 1707 et
918 1681 964 1708 suc-

243 1742 334 1767 cessores
349 1733 432 1767 nostros
448 1729 472 1766 de
488 1730 609 1766 huiusmodi
625 1729 736 1776 fructibus,
750 1728 867 1766 redditibus
882 1733 903 1766 et
917 1741 963 1778 pro-

241 1789 346 1836 ventibus,
360 1802 397 1827 ves
410 1792 431 1825 et
443 1800 573 1826 successores
586 1793 666 1827 vestros
680 1789 805 1836 quictamus,
815 1789 928 1826 liberamus
942 1793 962 1825 et

241 1849 375 1896 absolvimus,
391 1860 414 1886 ao
426 1848 517 1897 fructus,
531 1848 625 1885 redditus
638 1861 661 1885 ac
670 1852 784 1896 proventus
794 1848 915 1885 huiusmodi
924 1860 961 1896 pro

240 1908 370 1955 necessitate,
385 1920 431 1954 usu,
445 1907 504 1945 victu
520 1911 540 1945 et
555 1908 635 1944 vestitu
647 1908 751 1956 predictis,
766 1920 789 1944 ac
802 1907 824 1944 in
838 1908 960 1955 utilitatem,

240 1968 370 2004 commodum
384 1971 404 2004 et
417 1967 575 2015 reparationem,
588 1967 644 2004 sicut
659 1967 780 2016 predicitur,
794 1979 832 2016 per
848 1979 885 2004 ves
900 1979 961 2015 expe·

239 2027 290 2064 sitos
304 2031 325 2063 et
338 2027 466 2075 dispensatos
483 2027 549 2064 fuisse
566 2029 587 2063 et
604 2038 648 2063 esse
665 2027 795 2075 confitemur,
813 2030 834 2063 et
851 2030 960 2064 contentos

238 2098 343 2123 vocamus.
354 2087 387 2123 lta
400 2087 455 2134 quod
467 2087 491 2123 de
504 2086 546 2123 illis
555 2086 615 2122 nobis
629 2089 650 2123 et
662 2087 818 2123 successoribus
827 2087 906 2123 nestris
915 2097 960 2134 pre-

239 2146 306 2193 dictis,
320 2149 358 2183 aut
370 2132 487 2184 monnichis
500 2149 521 2183 et
534 2146 647 2182 conventui
659 2145 753 2194 prefatis,
764 2145 867 2182 rationem
876 2150 897 2182 et
907 2158 960 2183 coin-

202 2200 206 2232 s
238 2209 314 2252 putum
326 2206 417 2252 reddere,
430 2206 464 2242 vel
477 2205 590 2253 estendere,
600 2217 638 2242 seu
648 2206 679 2252 de,
694 2209 716 2241 et
727 2217 764 2253 pro
778 2205 821 2242 illis
834 2205 959 2242 satisfactio-

237 2277 284 2302 nem
297 2265 388 2313 aliquam
401 2265 470 2302 facere
482 2266 605 2302 nullatenus
618 2265 736 2302 teneamini.
750 2265 776 2301 In
789 2277 879 2313 quorum
889 2266 957 2312 fidem,

237 2325 301 2361 robur
314 2329 335 2362 et
347 2324 492 2362 testimonium
507 2324 673 2373 praemissorum,
687 2328 793 2372 presentes
808 2324 891 2361 litteras
904 2325 956 2371 fieri,

236 2389 257 2420 et
269 2387 347 2432 nostro,
361 2397 403 2433 quo
416 2384 503 2432 utimur,
517 2385 659 2432 impressione,
669 2383 745 2431 sigillo,
755 2384 856 2421 iussimus
866 2396 957 2421 commu-

236 2443 283 2481 niri.
297 2444 376 2481 Datum
388 2445 455 2481 Reme
467 2445 522 2491 apud
534 2447 630 2481 sanctum
639 2444 739 2490 Marcum,
749 2444 771 2480 in
780 2443 876 2480 domibus
885 2447 956 2481 nostre

236 2503 296 2539 solite
310 2504 427 2550 residentie,
436 2503 476 2540 sub
489 2515 543 2540 anno
552 2515 565 2539 a
573 2502 684 2540 nativitate
693 2503 777 2539 Domini
786 2502 897 2539 Millesimo
906 2506 957 2551 qua-

235 2563 397 2609 dringentesimo
407 2562 564 2610 quadragesimo
571 2564 632 2609 nono,
640 2561 764 2610 diescebat,
772 2562 871 2599 vicesima
879 2563 955 2600 mensis

235 2621 354 2669 decembris,
368 2621 503 2670 pontificatus
512 2622 638 2659 sanctissimi
650 2622 672 2658 in
686 2620 767 2658 Christo
776 2622 846 2659 Patris
855 2626 876 2658 et
884 2622 955 2659 domni

234 2680 301 2718 nostri
319 2682 389 2719 domni
409 2681 490 2719 Nicolei
506 2681 576 2720 divina
594 2681 725 2730 providentia
743 2689 794 2730 pape
811 2681 885 2728 quinti,
899 2693 953 2719 anno

234 2740 303 2777 tertio.
318 2752 329 2776 »
341 2742 447 2779 Rnersrn.
462 2742 530 2790 Oura,
544 2741 572 2788 ΙΙ,
586 2742 616 2778 31.

258 2799 284 2847 (1)
297 2799 353 2836 Obiit
366 2811 419 2838 anuo
433 2801 480 2837 1433
493 2800 576 2849 (Nea-ot.
594 2802 649 2847 olto,
664 2800 688 2838 ad
701 2802 792 2850 annum).

257 2857 284 2905 (2)
297 2856 315 2894 A
328 2858 374 2896 Kal.
388 2859 437 2896 maii
449 2859 496 2896 leae
510 2861 535 2897 ad
547 2860 595 2897 Kal.
609 2860 673 2897 maias
687 2860 739 2897 1429.
