2060 3342
229 264 256 303 68
527 260 648 311 appendic

228 392 281 435 chos
295 404 449 446 permansuros
464 393 548 444 ibidem,
558 393 637 446 regule
646 393 703 436 beati
713 391 824 433 Benedicti
834 391 943 442 servetur,

228 465 250 507 et
261 465 401 518 observantia
415 461 549 508 monachalis
563 465 638 519 rigeat
651 465 674 506 in
684 464 764 507 eodem.
774 463 828 505 Item
837 462 862 504 ut
872 462 944 514 abbas,

226 537 358 590 mouaclhli
377 538 478 581 conversi
497 538 520 580 et
537 538 575 579 alii
592 536 718 585 familiares,
732 536 769 588 qui
786 546 826 588 pre
844 534 942 586 tempore

226 608 314 651 luerint:
328 609 352 652 iu
370 610 502 653 monasterio
519 611 572 662 ipso,
588 608 678 650 liberius
696 608 718 650 et
736 607 830 661 quietius
842 605 844 661 l
855 606 944 649 valeant

226 681 441 731 Dominolamulari,
456 680 612 723 monasterium
626 681 695 732 ipsum
709 679 804 721 liberum*
816 678 907 720 facimus
921 679 943 720 et

226 752 352 805 exemptum
366 754 392 795 ab
406 754 465 795 omni
481 753 589 795 solutione
607 751 746 801 decimarum,
761 751 810 792 lure
828 749 942 795 cathedra·

224 824 274 874 tico,
288 824 359 874 datiis,
373 824 475 873 collectis,
484 824 597 877 impositis,
607 824 629 865 et
638 824 686 865 aliis
700 821 865 865 occurrentibus
874 821 942 864 hone-

224 896 291 945 ribus,
306 896 328 937 et
344 895 463 938 factoribus
480 895 656 948 quibuscumque,
671 896 698 937 ab
712 896 770 936 omni
787 895 836 946 lege
849 892 942 945 yurisdi-

180 963 182 966 ’
223 967 289 1009 tionis
303 967 325 1008 et
339 967 454 1017 diocesani,
468 966 611 1009 decernentes
624 978 650 1008 ac
661 965 664 1022 l
675 966 803 1008 mandantes
819 976 890 1019 ypsos,
902 976 940 1007 seu

223 1038 380 1080 monasterium
398 1039 468 1090 ipsum
482 1039 506 1080 in
520 1039 629 1091 predictis,
643 1038 768 1091 veijaliquo
786 1035 939 1090 predictorum,

224 1109 391 1163 nullctempore
400 1110 525 1163 aliqualiter
535 1110 686 1152 molestandos.
697 1109 867 1151 confirmatione
877 1108 940 1150 abba·

222 1181 269 1222 tum
285 1181 337 1222 dicti
351 1181 484 1230 monasteri-i,
497 1181 623 1224 visitatione
637 1193 663 1223 eo
680 1181 817 1223 correctione
834 1181 903 1233 ipsius
917 1180 940 1222 et

222 1252 347 1305 degentium
361 1253 385 1294 in
394 1255 475 1303 eodem,
484 1254 546 1296 nobis
560 1253 675 1295 dumtaxat
688 1252 812 1305 nostrisque
826 1252 939 1298 catholicis

221 1325 383 1366 successoribus
396 1324 522 1367 reservatis.
534 1323 537 1379 l
548 1324 602 1366 Item
617 1325 739 1377 quodapud
749 1325 939 1377 ipsummonaste

221 1395 321 1437 riumsii
341 1396 366 1438 et:
377 1407 424 1438 esse
442 1396 516 1449 possit,
534 1396 672 1446 cimitemum,
687 1396 724 1437 ubi
743 1396 765 1437 et
778 1396 801 1436 in
818 1407 869 1449 quo,
879 1405 939 1447 sepe.-

221 1467 305 1508 llantur
321 1467 416 1516 abbates,
430 1466 676 1521 mcnao[b]l,=ccnrersi
688 1468 711 1509 et
728 1467 847 1509 familiares
864 1477 943 1511 omnes.

220 1538 348 1580 monasterii
357 1539 482 1591 supradicti.
489 1540 544 1581 Item
553 1550 592 1590 pro
601 1539 724 1590 amplianda
734 1539 801 1591 ipsius
811 1538 937 1584 monasterii

220 1609 331 1660 libertate,
342 1610 398 1662 quod
413 1611 481 1652 abbas
492 1621 551 1653 nunc
565 1610 683 1663 eligendus,
693 1611 715 1651 in
725 1610 771 1661 ipso
781 1610 855 1663 etqui
869 1609 937 1655 fuerit

219 1680 303 1722 ibidem
315 1691 356 1732 pro
373 1681 477 1733 tempore,
489 1679 543 1734 {per
560 1692 584 1722 se
602 1681 638 1722 vel
656 1681 730 1730 alium,
748 1681 784 1722 cui
802 1680 936 1727 commiserit

219 1752 280 1794 vices
294 1762 350 1801 suas,
364 1752 432 1804 possit
445 1752 467 1794 et
481 1752 548 1794 liceat
563 1752 602 1793 sibi
616 1753 762 1794 confessiones
771 1752 935 1802 monachorum,

219 1833 383 1871 conversorum,
397 1823 421 1864 et
435 1823 602 1869 santiliariorum
621 1824 717 1865 omnium
731 1824 791 1868 omn
801 1823 937 1872 monasterii,

218 1894 302 1943 audire,
315 1894 338 1935 et
347 1895 378 1941 eis
387 1905 427 1946 pro
441 1895 686 1947 commissisimponere
698 1895 844 1947 penitentiam
855 1895 935 1936 saluta-

218 1976 271 2014 rem,
282 1965 395 2017 corrigere
410 1966 432 2007 et
445 1966 560 2012 absolvere
568 1966 626 2019 ipsos
636 1977 717 2014 omnes,
727 1967 749 2008 et
763 1967 862 2019 singulos,
870 1968 935 2018 prout

217 2036 292 2077 risum
303 2036 371 2088 luerit
385 2037 466 2078 decens
478 2048 533 2081 esse.
545 2036 548 2091 l
559 2037 613 2079 Item
627 2038 684 2090 quod
698 2038 801 2082 abbaset
809 2037 936 2090 monac[h]i

217 2107 345 2149 monasterii
362 2108 441 2160 prefati
456 2109 540 2160 possint
553 2108 639 2161 inipso
653 2108 785 2152 monasterio
799 2109 935 2155 constitutio,-

216 2179 383 2228 nestacerain
397 2178 446 2220 hiis.
454 2190 496 2231 que
511 2179 637 2231 spectarent
650 2181 757 2233 adipsum
770 2181 934 2229 monasterium,

217 2246 277 2301 quas
284 2250 349 2298 ubiles
363 2249 386 2291 et
400 2249 504 2291 decentes
515 2251 699 2303 providerintpro
714 2253 797 2294 eodem,
809 2252 864 2293 Item
876 2252 935 2304 ¹quod

215 2321 281 2361 abbas
298 2321 335 2373 qui
351 2331 390 2373 pro
411 2321 516 2373 tempore.
530 2321 604 2365 luerit.
616 2322 646 2363 in,
656 2323 791 2364 monasterio
809 2323 933 2375 supradicto

215 2391 287 2442 possit
301 2392 329 2433 et
342 2391 410 2433 liceat
426 2392 466 2433 sibi
485 2392 585 2434 confiteri
604 2394 717 2442 sacerdoti,
735 2394 770 2436 oui
781 2393 784 2448 t
794 2394 896 2443 voluerit,
911 2393 934 2435 et

215 2463 294 2503 cuncta
307 2464 447 2504 sacramenta
463 2463 491 2504 et,
503 2463 661 2506 absolutionem
675 2465 790 2517 percipere
807 2466 834 2506 ab
852 2465 934 2514 eodem,

213 2532 236 2573 et
250 2533 342 2575 ordines
351 2535 379 2576 ab
391 2534 491 2586 episcopo
498 2534 618 2584 catholico,
628 2547 692 2588 quem
702 2535 781 2579 adhoc
795 2535 887 2579 duxerit,
894 2537 932 2578 eli-

213 2604 309 2655 gendum
314 2615 324 2653 ,··
335 2604 457 2646 nocetam
471 2606 555 2649 licitum
567 2606 601 2655 sit,
612 2606 634 2647 et
643 2606 727 2658 possint
739 2608 872 2660 monac[h]i,
883 2618 932 2649 con-

213 2676 273 2715 versi
286 2675 311 2716 et.
322 2675 451 2725 familiares,
460 2676 496 2729 qui
510 2688 550 2729 pro
564 2677 664 2730 tempore
675 2678 796 2719 fueriutin
810 2679 892 2728 eodem,
905 2679 931 2720 de

213 2745 301 2787 licentia
308 2746 382 2796 tamen
390 2748 473 2789 abbatis
480 2749 607 2792 monasterii
615 2749 740 2801 supradicti¹
750 2748 753 2804 l
762 2751 872 2793 Premissa
878 2761 932 2792 vero

213 2827 318 2860 concessa.
329 2819 351 2860 et
364 2820 449 2877 largita.
459 2831 498 2872 per
511 2831 557 2870 noe,
567 2822 589 2862 et
599 2822 767 2875 unumquodque
781 2809 884 2874 ipsorum,
894 2833 931 2864 ua-
