2060 3342
255 235 383 275 Obroatcoa
396 234 479 274 Montis
496 235 573 275 Ottoctt
744 234 771 274 27

58 314 92 324 ,a

57 368 127 416 valeat
137 366 250 415 reassumi,
258 366 283 406 ad
294 364 365 405 minus
375 364 439 405 vacat
449 364 496 406 octo
506 363 613 419 annis(1).
622 364 625 420 l
634 366 711 419 Atque,
719 366 770 418 quia
802 402 896 439 cogentem-

57 438 227 497 prescripsimus,
236 438 310 490 patres
325 436 420 478 mutasse
430 436 501 489 sepius
511 437 640 479 cerimonias
649 438 737 487 ordinis,
748 438 770 479 et
788 451 858 479 elisiae
867 453 896 479 aaa·

57 526 80 557 re
91 512 94 568 l
105 511 185 564 gimen,
195 521 238 551 non
248 520 338 561 prorsus
345 508 475 550 hocleviter
482 508 600 549 iaciebant:
611 509 702 561 cogente
711 509 769 550 euim
787 498 896 573 ffimffflml·

57 582 138 628 necessi
148 581 151 636 Ι
162 581 214 630 tate,
228 580 401 622 immutaverunt
415 579 545 632 aliquotiens
558 580 719 630 precedentium
733 592 769 632 pa·

56 659 113 698 truci
127 651 215 693 statuta¹
227 649 229 705 l
240 653 296 692 Nam
310 652 331 691 et
345 650 442 691 Ecclesia
457 652 556 691 Romana
572 650 637 702 atque
651 651 729 701 plebes,
737 663 770 692 se-

57 734 173 780 penumcrc
187 722 301 763 mutavere
312 720 315 775 Ι
327 723 386 773 leges
401 732 451 762 suas
466 722 488 761 et
502 721 596 762 decreta.
614 723 682 762 Porro
696 722 769 772 patres

56 795 124 840 nostri
138 794 247 846 regularis
259 794 398 835 observantie
413 805 454 834 nor
465 792 467 848 t
479 805 536 834 mam
545 794 699 849 dispensarunt
709 805 770 834 num-

56 878 124 922 quam.
139 867 187 907 Ncn
202 865 259 906 enim
274 864 377 906 convenit
391 864 462 911 alicui,
477 864 566 915 regulas
583 864 708 905 sanctorum
720 863 722 917 Ι
734 876 770 917 ap-

57 939 155 994 probatas
173 938 304 989 dispensare,
319 937 360 978 nisi
375 939 461 978 Summe
478 936 584 985 Pontifici,
597 936 633 977 rel
650 937 727 988 quibus
743 937 770 977 ab

13 1045 16 1053 ,
55 1015 99 1065 ipso
117 1021 243 1052 anticessum
255 1008 257 1063 Ι
268 1010 348 1058 inerit;
367 1010 389 1050 et
407 1008 450 1049 hcc
468 1009 486 1049 si
505 1008 623 1050 necessitas
642 1008 769 1060 poposcerit.

56 1085 117 1124 Unde
135 1081 233 1123 Gelasius
252 1091 307 1132 papa
325 1080 406 1132 inquit:
418 1078 420 1133 Ι
432 1080 473 1120 Ubi
492 1080 611 1121 necessitas
625 1090 668 1120 non
682 1080 722 1126 est,
737 1079 769 1119 in-

55 1152 205 1196 convertibilia
224 1151 326 1193 maneant
345 1151 470 1192 sanctorum
489 1153 576 1204 patrum
593 1153 656 1193 decre
668 1151 670 1206 l
681 1152 710 1192 ta.
725 1153 769 1193 Leo

55 1237 107 1267 vero
120 1236 176 1277 papa
189 1225 253 1266 dicit:
267 1224 308 1264 Ubi
323 1224 441 1265 necessitas
459 1236 502 1265 ncu
520 1224 559 1276 est,
574 1225 633 1265 nullo
648 1225 709 1265 modo
723 1225 769 1264 vio·

55 1285 127 1339 lentur
138 1296 140 1351 Ι
152 1297 278 1338 sanctorum
292 1296 379 1348 patrum
394 1297 518 1337 constituta.
533 1296 561 1336 Et
575 1295 652 1336 infert:
664 1296 705 1336 Ubi
715 1307 768 1347 ergo

55 1370 171 1412 necessitas
193 1369 259 1410 tuerit
280 1367 448 1422 adtulilitatem
469 1368 566 1417 ecclesie,
585 1368 621 1420 qui
640 1368 767 1420 potestatem

55 1440 125 1488 habet,
138 1452 163 1481 ea
176 1440 291 1492 dispenset.
302 1442 335 1481 Ex
344 1440 474 1482 necessitate
485 1438 488 1494 Ι
499 1440 563 1487 euim,
578 1439 603 1480 ut
616 1439 692 1480 beatus
701 1439 769 1480 infert
789 1430 792 1435 ’

54 1512 185 1559 Bernardus,
205 1511 229 1551 dt
247 1510 338 1551 mutatio
356 1510 417 1562 legis.
434 1513 481 1556 Qua
499 1511 522 1551 in
540 1522 566 1552 re
584 1511 644 1551 cerni
656 1508 658 1564 l
669 1510 714 1559 tur,
728 1521 769 1552 nec

54 1583 107 1635 ipsis
119 1582 201 1634 quidem
216 1582 460 1633 prelatisdispensandi
474 1582 559 1624 libitum
573 1582 621 1623 scre
635 1592 768 1631 concessum,

55 1655 94 1694 nisi
106 1652 108 1707 l
119 1654 215 1695 maxima
228 1654 346 1695 necessitas
361 1654 436 1696 aderit.
452 1656 553 1697 Ueterum
563 1654 646 1695 statuta
655 1654 767 1703 dominica,

53 1726 133 1766 nullam
145 1724 148 1779 l
159 1725 245 1777 penitus
255 1725 373 1766 humanam
383 1726 571 1778 dispensationem,
579 1726 703 1767 admittunt.
710 1727 767 1767 Deus

53 1799 144 1846 tantum,
159 1798 183 1839 ut
194 1796 197 1851 l
208 1798 344 1838 beatissimus
363 1799 490 1839 Bernardus
510 1799 592 1849 probat,
611 1798 691 1838 horum
711 1799 766 1848 quod

53 1869 127 1916 soluit,
137 1869 222 1921 quaudo
231 1869 306 1917 volarit,
318 1867 320 1922 l
332 1869 402 1909 seua.
413 1870 472 1913 Quod
482 1880 535 1910 vero
546 1870 632 1920 patrum
642 1868 766 1908 sauctorum

53 1939 140 1984 statuta,
159 1939 290 1992 aliquotiens
308 1941 388 1992 egeant
407 1951 471 1981 neces
482 1939 484 1994 l
495 1940 553 1980 saria
571 1939 712 1987 correctione,
731 1940 766 1979 vel

53 2010 215 2062 dispensatione,
222 2011 319 2053 testatur
328 2012 457 2060 tenerrimus,
466 2013 503 2052 dcc
515 2010 517 2065 Ι
528 2010 563 2051 tor
573 2011 681 2064 egregius
691 2011 713 2051 in
724 2010 767 2051 fine

53 2113 193 2122 -—--.—-

30 2206 33 2212 .
76 2176 101 2226 (1)
115 2176 172 2219 Quae
181 2177 214 2213 hie
223 2177 340 2214 afferuntur
349 2190 360 2213 a
368 2182 440 2214 nostro
446 2178 547 2225 Bargensi
555 2180 636 2215 statuta
644 2178 703 2215 fuere
712 2190 765 2215 anno

52 2235 140 2272 secundo
153 2236 272 2273 abbatiatus
284 2235 408 2284 Hieronymi
420 2237 444 2274 de
457 2237 550 2285 Neapoli,
564 2249 636 2284 nempe
648 2237 764 2274 ann01432.

53 2295 102 2331 Nam
115 2295 137 2331 in
152 2295 222 2332 carco.
238 2295 328 2342 delicata,
345 2295 396 2333 haec
411 2297 550 2333 adnotantur:
568 2296 655 2334 «Gutus
671 2296 764 2347 [abbatis]

52 2355 140 2391 secando
150 2367 210 2403 anne,
220 2367 256 2403 per
265 2355 320 2392 ΒΨ
329 2356 413 2393 domnos
421 2356 578 2393 Reformatores
587 2357 726 2393 coustitutum
734 2361 766 2394 est

52 2411 150 2451 Generale
168 2414 288 2463 Capitulum
305 2415 368 2452 tertia
384 2416 492 2452 Dominica
509 2419 556 2464 post
571 2416 650 2452 Pascha
666 2417 766 2453 Resurre-

52 2472 130 2521 ctionis,
145 2476 167 2510 de
180 2474 255 2511 ticonio
263 2475 285 2511 a'a
294 2475 396 2522 tteaatam,
406 2475 502 2522 deinceps
513 2474 623 2523 celebrari,
634 2487 699 2523 quum
707 2475 765 2524 prius

51 2542 158 2577 perennes
171 2534 283 2580 nonaginta
296 2538 317 2570 et
330 2535 425 2582 amplius,
439 2534 539 2571 Kalendis
552 2534 607 2581 maii,
622 2524 701 2582 semper
714 2536 765 2572 cele-

51 2589 132 2629 bratum
139 2594 173 2631 sit.
181 2593 235 2630 Item
243 2594 331 2641 praefati
339 2594 408 2631 domni
416 2594 571 2631 Reformatores
580 2597 701 2632 statuerunt
710 2596 765 2642 quod

51 2650 138 2695 quilibet
150 2652 322 2690 monasteriorum
335 2658 453 2690 nostrorum
466 2656 581 2690 conventus
598 2665 660 2691 unam
674 2657 766 2691 tantum-

51 2710 108 2746 modo
126 2722 197 2748 vocem
214 2712 269 2761 (nana
281 2713 339 2760 prius
352 2713 404 2749 duae
417 2712 562 2762 eligebantur),
578 2712 715 2751 adseuerate
729 2715 765 2752 Oa-

51 2767 141 2812 pitulum
158 2783 204 2808 cum
220 2772 291 2809 Priore
307 2784 346 2809 suo
363 2772 484 2809 mittendam
499 2783 525 2808 ex
539 2771 616 2819 gremio
632 2773 665 2810 tui
677 2773 765 2823 capituli

51 2826 119 2878 eligat,
133 2834 172 2867 etc.
185 2842 201 2868 a.
215 2831 260 2870 rol.
274 2831 313 2881 26'5
328 2831 354 2868 cf.
369 2831 471 2869 Raersrn.
485 2831 553 2879 Omra,
565 2831 594 2881 ΙΙ,
608 2833 638 2881 22,
653 2833 683 2871 24.
