2060 3342
175 277 177 283 ’
227 303 254 343 82
526 281 646 351 capenam

766 373 943 382 -————※

225 432 257 472 lui
271 431 293 472 el
307 430 398 483 rogatus
412 443 456 473 una
470 443 519 473 cum
529 431 678 484 suprascripto
687 431 753 472 nobili
764 429 768 485 l
778 430 827 471 viro
837 432 943 482 Gregorio

225 502 333 555 quondam
347 504 421 545 iacobi
435 515 472 545 ser
484 503 547 545 Nerii
560 503 672 555 Spelialini
689 497 790 549 de'Pisis
805 501 889 553 publico
904 502 942 544 im-

225 573 301 625 perIali
315 575 448 617 auctoritate
466 575 536 616 iudice
554 575 664 615 ordinario
679 585 705 615 ac
718 573 811 622 notarie,
826 574 848 614 el
862 574 941 624 prelati

224 646 403 687 reverendissimi
417 646 489 702 domni
500 644 503 700 l
514 645 631 687 cardinalis
648 645 718 687 sancii
736 644 835 686 Marcelli
850 643 872 684 el
886 655 942 685 com-

224 716 320 758 missarii
334 718 460 767 secretario,
473 728 498 758 ac
508 717 599 758 testibus
617 716 747 769 supradiclis
760 715 858 764 interlui,
873 726 941 768 eaque

224 787 274 829 lieri
288 788 319 829 sic
329 788 377 830 ¹ridi
391 791 414 830 et
427 789 512 830 audivi:
527 789 574 829 ideo
588 788 630 829 hoc
643 799 733 841 presens
743 787 851 840 publicum
861 786 941 829 instru·

157 849 161 863 ⁵
225 846 322 900 menium
333 858 336 913 l
347 859 426 902 exinde
435 859 525 908 confeci,
535 859 619 912 scripsi,
627 861 733 911 publicavi
742 860 808 911 atque
815 858 942 911 subscripsi,

202 921 247 985 [el
260 930 286 972 de
301 931 401 972 mandato
415 926 551 983 prefatorum
565 931 799 973 reverendissimorum
813 931 941 972 domnorum

173 1046 175 1048 ,
223 1002 367 1043 cardinalium
385 1002 583 1044 commissariorum
602 1002 625 1043 in
643 1003 702 1044 hanc
715 1002 823 1055 publicam
834 999 837 1055 Ι
848 1001 940 1043 formam

223 1072 305 1124 redegi,
319 1072 425 1125 signoque
439 1073 461 1114 ei
475 1073 562 1114 nomine
577 1072 630 1113 meis
645 1073 714 1114 solitis
728 1073 751 1114 ei
760 1072 876 1120 consuetis,
890 1083 938 1113 curn

222 1143 457 1185 reverendissimorum
472 1143 601 1200 domnorum
620 1144 764 1185 cardinalium
783 1143 940 1185 commissario·

222 1225 273 1256 rum
287 1214 408 1266 sigillorum
426 1202 559 1267 appensione
572 1214 664 1266 signavi,
676 1213 678 1269 l
692 1216 716 1256 in
729 1215 794 1256 fidem
808 1215 830 1256 et
843 1214 938 1256 testimo-

222 1286 283 1326 nium
297 1286 394 1328 omnium
407 1273 434 1329 ei>
443 1286 581 1339 singulorum
594 1287 750 1339 premissorum
765 1286 855 1340 rogatus
870 1286 892 1327 el
905 1297 939 1328 re-

223 1358 323 1410 quisitus.

511 2250 643 2286 lmrmmnrun
766 2298 768 2300 v

418 2316 443 2351 D.
458 2315 604 2359 Hildebrandus
617 2316 644 2351 M.
659 2314 735 2351 Polliuti

284 2380 352 2417 Abbas
365 2380 464 2416 Generalis
477 2379 636 2425 Congregationis
649 2380 761 2417 Olivetanae
773 2381 797 2416 Ο.
810 2381 831 2417 S.
845 2379 867 2414 Β.

370 2446 395 2482 Et
408 2446 520 2482 ordinarius
533 2445 605 2481 Montis
618 2445 688 2481 Oliveti
702 2445 780 2490 MaJoris
835 2440 837 2442 ’

474 2511 555 2547 millias
567 2510 677 2547 Dioeceseos

616 2719 680 2755 Nurn,
692 2728 769 2755 oasrnr

604 2784 651 2820 Can.
666 2786 693 2820 M.
707 2784 784 2820 Novelli

477 2848 564 2885 Vicarius
578 2850 676 2885 Generalis
689 2847 806 2885 Archidloec.
821 2849 905 2884 Florent.
