2060 3342
274 271 301 312 20
515 269 611 310 Antonii
624 271 749 318 Bardonem

273 412 338 452 qnam
354 399 448 442 trecenti
465 399 567 443 menaohi
580 402 603 442 in
618 402 694 443 nostra
713 401 858 443 consisterent
873 398 988 451 religione,

252 481 316 529 {uno
337 472 410 514 tamen
433 473 505 514 animo
517 472 519 528 l
531 475 553 515 et
569 474 689 516 voluntate.
707 477 732 516 In
751 474 787 515 illo
808 474 912 525 tempore,
931 471 986 525 pene

117 531 120 538 ¹
148 530 167 576 *t
184 541 190 554 Ἰ
254 531 256 549 ¹
273 545 342 585 omnis
356 545 466 598 regularis
483 547 624 588 observantia
637 547 689 587 anul
700 545 703 601 )
715 546 759 587 lata
773 546 821 586 erat
835 544 857 584 in
873 544 948 592 Gallia,
963 546 985 585 in

254 618 257 661 i
272 616 336 657 ltalia
350 619 415 671 atque
430 618 453 659 in
467 620 571 661 universo
585 621 636 660 orbe
646 629 745 666 romaum
756 616 758 671 1
771 617 946 659 cisterciensium
956 618 985 658 vi-

254 677 357 737 delicet,
374 690 574 738 camaldulensium,
592 691 658 742 atque
676 690 838 734 Vallnmbrose;
854 686 907 741 neci
921 688 984 740 [nori]

255 754 294 801 ε]
308 760 403 802 fratrum
417 761 586 809 Predicatorum,
601 772 626 802 ac
640 761 755 801 Minorum.
765 760 856 801 Sanctus
867 760 925 801 enim
935 762 986 800 Ber-

272 833 384 882 nardinus,
399 834 435 885 qui
447 832 450 887 Ι
461 833 527 873 michi
542 843 620 884 magne
635 832 789 873 familiaritatis
798 832 821 873 et
830 831 925 872 amicitIe
938 832 986 872 vin-

252 901 255 962 i
272 905 321 945 culo
335 905 463 945 coniunctus
474 903 477 958 (
489 904 535 952 fuit,
546 902 706 945 observantiam
716 904 824 944 minorum
834 903 934 949 fratrum,
944 915 986 954 qne

209 981 210 985 ’
251 966 253 985 ³
271 986 331 1016 nunc
344 975 411 1026 riget,
425 975 471 1025 ipse
485 974 572 1026 incepit.
584 972 586 1027 Ι
597 973 676 1015 Audivi
690 974 750 1015 certe
764 975 791 1015 ab
805 974 902 1025 expellis
916 975 939 1015 et
948 986 985 1014 an·

251 1043 253 1083 Ϊ
271 1046 337 1098 tiquis
357 1046 460 1096 patribus,
478 1057 530 1086 raro
545 1044 548 1100 (
562 1034 623 1090 ultra'
643 1046 793 1087 centenarium
815 1046 942 1099 religionem
962 1048 984 1087 in

271 1118 410 1158 observantia
423 1118 484 1166 bona,
499 1129 633 1169 permanere,
645 1117 647 1172 l
658 1120 709 1170 quia
723 1119 786 1160 valde
800 1119 885 1160 difficile
895 1118 934 1167 est,
948 1119 984 1159 din

252 1207 256 1265 p
269 1189 291 1230 in
302 1190 375 1231 arduis
386 1190 511 1232 consistere.
519 1191 575 1232 Ecce
586 1202 614 1232 ex
624 1202 659 1231 ma
668 1189 671 1244 i
680 1191 779 1232 nnalibus
789 1191 906 1238 exercitiis,
915 1201 984 1231 enem-

254 1260 328 1317 tplum
342 1261 459 1313 capientes,
468 1261 492 1302 in
505 1262 598 1303 medinm
613 1262 700 1314 protere
711 1260 713 1315 Ι
725 1273 778 1301 mus.
793 1263 877 1309 Nonne,
891 1262 916 1301 nt
929 1262 982 1313 aspi-

270 1331 344 1381 cimus,
358 1343 488 1385 unaqueque
497 1343 534 1373 ars
544 1344 593 1374 cum
607 1343 686 1384 magno
698 1332 700 1387 )
711 1333 800 1374 temore
813 1333 932 1384 incipiturt
947 1333 984 1373 Set

255 1407 258 1456 l
269 1404 330 1445 certe
343 1404 473 1456 negligendo
483 1404 587 1456 paulatim
596 1404 670 1445 annila
681 1402 684 1457 Ι
696 1405 738 1445 tur:
753 1405 797 1445 Sub
806 1415 873 1445 onere
883 1415 982 1456 namque,

255 1459 379 1522 iiastidium
399 1474 500 1526 patimur,
514 1475 557 1515 nisi
575 1473 653 1528 singul
665 1475 716 1515 laris
731 1474 850 1515 saluatoris
864 1474 942 1527 gratia,
957 1475 983 1515 de

253 1522 303 1587 Jdie
316 1547 340 1587 in
354 1546 416 1595 diem,
434 1547 561 1588 renovando
578 1547 692 1587 subveniat
703 1546 705 1600 Ι
717 1547 784 1588 nobis.
799 1546 826 1587 Ε]
839 1547 886 1587 ideo
900 1548 982 1587 Aristo-

250 1582 256 1672 ἶ(
268 1616 318 1658 tiles
328 1617 415 1657 omnino
430 1616 534 1657 affirmat:
548 1616 658 1658 Virtutem
670 1615 672 1670 t
684 1618 705 1657 in
721 1617 841 1659 difficilibus
856 1618 981 1658 consistere.

253 1673 330 1749 {Unde
344 1688 421 1739 religio
436 1685 518 1735 nostra,
532 1687 619 1728 noviter
632 1688 695 1739 incep
707 1686 709 1741 l
720 1688 776 1741 tau-e,
790 1687 882 1740 vestigio
897 1688 923 1728 ad
937 1700 981 1728 ma-

250 1750 335 1829 fgnum
349 1759 490 1811 augmentum
504 1759 599 1800 fratrum
614 1747 793 1817 perrenit'ff'tum,
811 1761 855 1800 Deo
867 1758 869 1813 l
881 1760 981 1810 spiritum

249 1830 253 1884 l
267 1842 330 1871 suum
339 1831 438 1871 cordibus
448 1842 524 1872 eorum
533 1819 671 1886 initrndente;
681 1833 734 1879 tnm,
745 1833 795 1883 quia
809 1832 870 1872 nulla
884 1832 926 1871 alia
935 1831 938 1885 (
947 1842 980 1871 re-

248 1890 251 1905 '
267 1893 620 1954 ligionis”nurrnai-n'ob‘s'eruantia
627 1904 764 1952 consistebat,
774 1904 815 1944 nisi
826 1905 894 1944 solnm
903 1902 978 1956 Oartui
990 1941 992 1943 .

249 1960 348 2028 islensis.
363 1975 402 2015 Est
416 1984 470 2026 ergo
483 1974 545 2014 nobis
562 1976 610 2014 cum
626 1974 731 2025 propbeta
747 1974 865 2015 orandum:
880 1972 978 2027 convert

162 2057 223 2086 roro.
264 2044 286 2083 te
300 2054 346 2091 nos,
357 2044 448 2092 domine,
458 2044 480 2086 et
489 2044 654 2086 convertemur:
669 2044 750 2085 innova
764 2045 809 2085 dies
824 2044 909 2085 nostros
924 2044 980 2085 sicut

158 2129 179 2157 m
186 2129 203 2156 n.
212 2129 246 2156 aei·-
264 2125 277 2153 a
286 2115 392 2167 principio
402 2115 454 2170 (1)(
465 2118 529 2157 Nunc
538 2116 611 2168 itaque
621 2116 664 2157 hiis
673 2117 820 2168 pretermissis
830 2117 856 2157 ad
866 2116 980 2168 sequentia

139 2176 189 2205 ”lida
264 2186 385 2226 veniamus.
399 2187 479 2227 Frater
491 2188 577 2228 Bernar
588 2185 591 2240 (
602 2188 648 2235 dus,
658 2187 720 2227 cuius
730 2187 861 2227 mentionem
871 2186 903 2239 (a)
918 2197 980 2237 supe-

263 2255 310 2296 rius
324 2256 421 2304 fecimus,
438 2257 485 2307 post
501 2256 621 2298 triennium
636 2256 658 2296 in
673 2257 771 2297 abbatem
783 2255 785 2311 (
796 2257 921 2297 assumitur.
939 2257 979 2301 Qui

262 2326 311 2378 post
320 2326 434 2368 aunuatim
448 2327 574 2378 suppliciter
588 2327 744 2369 absolutionem
754 2328 836 2380 petens,
850 2329 920 2369 denuo
932 2328 934 2383 Ι
945 2339 978 2369 as-

263 2398 400 2447 sumebatur3
414 2398 437 2439 et
450 2399 482 2439 sic
495 2397 518 2438 in
533 2398 643 2439 abbatiatu
659 2399 737 2451 viginti
754 2398 835 2453 septem
852 2401 916 2441 annis
930 2412 978 2452 per-

263 2469 348 2510 mansit.
369 2469 410 2509 Hic
426 2467 429 2522 (
445 2469 592 2516 monasterum
612 2469 634 2509 et
652 2470 793 2522 mona[eh]is‚
817 2473 861 2512 Deo
883 2472 977 2519 favente,

262 2539 375 2591 ampliavit
389 2539 493 2580 ordinem.
508 2540 541 2580 Fu
552 2538 555 2593 Ι
566 2538 584 2579 it
598 2540 655 2595 enim
670 2551 709 2591 per
724 2542 796 2582 omnia
813 2542 848 2582 vir
862 2542 925 2583 valde
938 2543 977 2582 rni-

261 2612 335 2652 rabilis
354 2612 377 2652 et
394 2613 493 2652 sanctus:
511 2611 569 2652 dedit
588 2621 673 2663 quoque
691 2611 814 2663 patrimonii
825 2610 828 2666 )
839 2613 873 2654 sui
891 2624 976 2655 omnem

285 2776 311 2820 (ιι)
325 2774 384 2812 Text.
397 2776 427 2811 B:
441 2777 557 2813 memoriam.

285 2856 311 2905 (1)
325 2856 415 2905 renna,
430 2857 454 2906 V,
469 2859 498 2894 21.
