2060 3342
185 610 216 638 rx.

144 658 204 687 Salvius
212 658 250 687 Doni

149 706 245 734 Florentinus

150 754 244 790 (tobi-laod).

514 270 610 312 Aulona*
622 273 750 322 Burpeusis

606 477 650 516 IX.

296 606 371 647 Nonus
385 605 450 647 abbas
459 606 501 647 luit
515 605 586 647 trater
599 605 684 647 Salvius
698 605 724 646 de
737 605 856 655 Florentia,
866 604 888 647 et
898 606 986 649 duravit

269 677 332 718 annis
344 675 347 731 l
358 677 468 719 duodecim
479 678 530 730 quia
540 677 618 730 quater
627 663 768 719 confirmatus
778 677 819 719 tuit
831 677 869 731 (1).
879 680 984 731 Tempore

268 748 334 789 huius
346 747 348 803 l
360 749 417 791 tacte
438 750 489 791 sunt
509 750 583 802 plures
602 749 776 799 constitutiones,
794 751 910 802 presertim
929 753 984 803 quod

268 830 311 860 non
325 822 448 873 coquantur
464 832 541 864 carnes
558 834 598 874 pro
609 821 612 876 1
623 823 757 864 secularibus
771 823 795 864 iu
808 824 947 872 Monasterio,
962 825 984 866 et

267 892 323 943 qnod
337 903 381 933 non
395 893 521 934 comedatur
535 893 711 935 conventualiter
722 892 725 948 l
736 905 785 935 cnm
795 895 878 936 lumine
887 897 983 945 lucerne,

266 971 307 1002 nec
321 961 367 1002 sine
382 962 474 1004 silentio.
489 962 543 1005 Item
558 964 614 1017 quod
627 963 747 1016 antiphone
764 977 804 1017 pro
815 963 817 1019 l
829 977 983 1008 commemora·

266 1032 366 1082 tionibus,
376 1034 399 1075 in
409 1035 512 1087 vesperis,
522 1024 671 1077 cantarentur.
679 1035 734 1078 Item
745 1038 800 1089 quod
811 1038 913 1079 mulieres
922 1049 966 1079 non
978 1038 981 1092 l

265 1105 348 1156 possint
361 1105 458 1148 transire
472 1107 498 1148 ad
513 1107 669 1149 monasterinm
679 1109 805 1161 principale,
815 1110 857 1151 nisi
866 1111 936 1151 solum
945 1111 981 1151 ubi

263 1187 322 1218 nunc
333 1176 336 1231 l
348 1178 413 1219 sitnm
428 1180 461 1221 est
475 1181 586 1231 palatium.
601 1181 655 1222 Item
674 1181 732 1223 tacta
751 1182 784 1223 est
802 1182 928 1224 constitutio
942 1194 981 1233 pro

248 1292 250 1295 ,
263 1251 458 1300 murmurantibus,
469 1250 471 1305 l
483 1252 529 1293 tam
544 1263 583 1304 pro
597 1253 713 1304 prioribus,
725 1264 789 1306 quani
800 1265 839 1306 pro
849 1252 981 1295 conventua-

263 1320 331 1360 libus:
346 1322 384 1373 qui
398 1323 570 1364 murmuraverit
588 1323 685 1365 comedat
704 1324 770 1371 semel
785 1324 832 1365 sino
845 1324 936 1373 tobalea,
951 1324 980 1364 di-

262 1391 368 1434 mittendo
381 1394 465 1442 viuum,
480 1396 516 1436 vel
530 1395 567 1447 pul
578 1394 581 1449 l
593 1395 731 1436 mentarium.
746 1396 800 1437 Item
815 1406 881 1447 super
895 1394 981 1436 silentio

262 1462 296 1504 dle
308 1462 417 1517 noctuque
426 1464 488 1506 horis
500 1465 645 1517 regularibus,
660 1477 685 1506 ac
696 1465 698 1520 l
710 1465 774 1506 etiam
789 1476 839 1506 cum
852 1465 979 1517 hospitibus,

262 1546 310 1576 cnm
325 1536 446 1588 penitentia
463 1538 585 1579 dimittendi
603 1539 670 1578 semel
688 1538 770 1585 vinnm,
782 1536 785 1591 Ι
796 1537 819 1577 in
833 1537 929 1588 prandio,
943 1539 978 1578 vel

261 1619 321 1649 cena.
340 1609 395 1650 Item
415 1610 543 1662 preceptum
565 1611 598 1652 est
619 1610 700 1651 tactum
719 1610 743 1649 in
761 1608 855 1660 capitulo
873 1609 978 1660 generali,

261 1679 299 1719 snb
313 1678 315 1733 l
327 1680 403 1721 maiori
422 1681 530 1732 precepto,
550 1681 589 1721 snb
609 1690 664 1732 pena
681 1678 895 1727 excomunicationis,
913 1689 977 1730 qnam

260 1750 306 1802 ipso
320 1749 376 1790 tacto
388 1749 391 1804 l
402 1750 524 1799 incurrant,
534 1751 590 1803 quod
605 1750 694 1802 quilibet
708 1749 778 1791 irater
792 1750 829 1801 qni
843 1749 910 1791 habet
924 1749 978 1790 inte·

249 1830 318 1881 resse
333 1821 359 1861 ad
374 1821 500 1863 electionem
513 1820 516 1875 Ι
527 1820 616 1869 abbatis,
625 1820 692 1872 eligat
706 1821 728 1860 in
743 1819 848 1868 abbatem,
859 1820 976 1860 secuudum

217 1885 225 1890 ”
252 1881 320 1933 'suam
334 1893 412 1934 bonam
427 1893 590 1941 conscientiam,
605 1904 668 1944 quem
680 1890 682 1945 1
694 1891 805 1943 cognoscit
819 1892 887 1943 magis
900 1891 976 1940 utilem

258 1964 284 2004 ad
303 1964 493 2007 conservationem
513 1965 600 2013 ordinis,
616 1965 638 2005 et
652 1965 677 2005 ad
690 1962 692 2017 l
704 1963 825 2016 profectum
843 1963 866 2005 et
884 1963 976 2004 salutern

258 2035 386 2077 animarum.
401 2036 457 2078 Item
472 2038 529 2078 iacta
544 2037 577 2078 est
591 2035 717 2078 constitutio
727 2047 793 2088 super
802 2036 909 2078 verberan
922 2034 925 2089 l
936 2036 975 2077 tes.

257 2107 310 2148 item
320 2109 447 2150 constitutio
462 2111 487 2151 de
501 2109 610 2161 Aposlatis
622 2107 659 2162 (2).
674 2107 728 2150 Item
737 2108 835 2159 tempore
844 2107 910 2148 huius
920 2107 975 2147 idest

256 2191 314 2220 anilo
325 2181 411 2222 Domini
422 2182 453 2221 11⁰
464 2179 466 2234 l
478 2181 632 2222 trecentesimo
642 2180 778 2232 sexagesimo
791 2181 862 2232 primo
876 2179 974 2220 habitum

256 2252 289 2292 est
302 2253 458 2295 monasterium
469 2253 542 2294 Sancti
553 2252 657 2294 Jeronimi
672 2252 697 2292 de
711 2253 809 2303 lignano,
822 2250 824 2305 l
836 2252 862 2292 de
871 2251 925 2292 Pisis
934 2249 973 2304 (3).

255 2324 309 2365 Item
317 2336 374 2366 anno
382 2324 462 2366 domini
473 2326 525 2367 1367
535 2323 633 2365 habitum
641 2324 674 2365 est
682 2323 839 2364 monasterium
849 2322 923 2363 Sancti
933 2323 972 2363 bli-

255 2396 337 2437 chaelis
356 2397 382 2437 de
399 2398 467 2437 Bosoo
484 2396 510 2436 de
529 2395 626 2436 Bononia
637 2394 675 2448 (4).
690 2394 743 2437 ltem
759 2396 811 2435 1367
825 2394 924 2435 habitum
939 2395 972 2435 est
994 2408 996 2412 ’

277 2573 304 2622 (1)
317 2573 430 2610 Duodecim
444 2559 509 2619 eduis,
524 2571 560 2608 sed
573 2570 641 2608 tribus
650 2570 738 2609 vicibus.
748 2571 817 2608 Prima
825 2571 876 2619 vice,
888 2572 971 2609 duravit

253 2633 274 2669 in
292 2632 357 2670 officio
371 2644 383 2669 a
395 2632 442 2669 Kal.
456 2631 505 2668 maii
522 2631 575 2680 1357,
591 2631 616 2668 ad
633 2630 680 2668 Kal.
695 2630 758 2667 maias
775 2631 829 2667 1369.
846 2631 876 2668 01.
893 2631 969 2678 Toum,

252 2692 267 2726 Ι
273 2692 326 2736 susti
335 2692 390 2740 otiu,
405 2704 424 2739 p.
439 2692 501 2727 21-24,

277 2751 303 2798 (2)
316 2751 346 2788 df.
354 2751 513 2797 Lunounuorm,
522 2751 597 2798 upbit,
606 2749 663 2798 1253
675 2749 745 2786 Cicron.
756 2750 846 2798 duneald,
855 2749 891 2786 foi.
900 2750 929 2797 18,
936 2750 970 2787 18'.

276 2809 302 2857 (3)
316 2810 346 2848 Of.
359 2810 518 2858 Lurcunmrm,
533 2822 564 2856 op.
578 2811 618 2856 cit,
632 2810 660 2857 Π,
675 2809 717 2846 138.

276 2868 302 2916 (4)
315 2869 346 2905 Of.
360 2869 519 2919 Lnuonnnovm,
533 2881 563 2916 op.
577 2870 616 2916 ein,
634 2869 662 2917 ΙΙ,
681 2869 729 2917 14οῑ
747 2869 875 2907 Fanuousoo
892 2869 968 2906 Mneu-
