2060 3342
511 261 633 312 Aeneadae

681 333 930 342 ..---------------—--=--—⁴

599 667 601 671 ¹
655 630 724 662 Arretii
735 630 781 672 1324,
792 630 854 662 martii
864 630 890 662 28.

245 728 357 768 Carneadea*
374 727 488 767 Ecclesiae
501 727 637 767 cathedralis
655 726 780 767 Arretinae
793 725 813 766 et
826 728 933 767 canonica·

213 799 283 847 plebis
298 797 394 839 Sanctae
407 799 502 845 Maride,
520 798 598 838 riallac
617 798 662 845 insa·
674 797 805 843 cathedrali,
818 797 933 846 roetelein

216 869 308 910 Acontio
317 870 338 910 ct
345 868 469 910 coercendas
479 869 615 909 rncncstcrir'
625 869 721 909 Sanctae
728 871 818 909 Mariae
825 871 851 908 de
858 869 933 909 ddoatc

220 941 300 982 Olicctc
314 942 340 980 ira
353 940 441 986 Acorea,
457 940 552 989 deradere
565 939 693 980 advolitant.

244 1044 362 1111 [Exemplar
374 1062 397 1099 im
408 1063 455 1100 LIB.
469 1062 645 1101 vanrmonon
658 1064 718 1110 (saec.
732 1062 785 1111 XV),
798 1062 835 1099 foi.
849 1062 907 1112 2'-3'].

242 1184 266 1223 In
281 1182 369 1223 nomine
382 1182 421 1223 Dei
436 1182 513 1223 eterni.
526 1184 602 1224 Amen.
612 1183 675 1223 Arino
684 1182 802 1223 eIusdema
813 1181 933 1224 NatIvitate

215 1254 372 1302 MOOGXXIIII,
387 1253 505 1295 indictione
515 1256 560 1303 VH,
570 1254 648 1294 domno
658 1255 742 1295 Ioanne
751 1264 806 1306 papa
816 1254 878 1294 XXII
886 1265 933 1305 pre-

216 1324 306 1374 sidente,
324 1325 358 1366 dic
378 1324 498 1366 merchorii
516 1325 608 1366 XXVIII
627 1325 707 1366 mensis
726 1324 806 1373 martit,
823 1325 885 1366 Votis
899 1326 933 1377 pte

215 1395 336 1437 vivendum
353 1395 476 1448 ampliande
496 1397 547 1437 sunt
569 1396 641 1448 gratie
661 1396 767 1446 caritaIIs,
781 1396 806 1437 ut
824 1396 874 1436 dom
893 1396 933 1448 ipsi

215 1469 380 1520 consequuntur
393 1468 450 1520 quod
464 1467 713 1521 appetunt-ferventius
728 1469 750 1508 in
766 1466 849 1509 Christi
867 1467 932 1508 laudi·

215 1539 256 1579 bus
270 1539 425 1580 accendantur.

243 1610 296 1650 Gum
310 1610 383 1663 itaque
397 1621 436 1662 pro
450 1598 513 1662 parte
527 1610 681 1662 religiosorum
690 1609 713 1651 et
722 1609 862 1651 IandahiIIum
876 1610 933 1651 viro-

216 1692 266 1722 rum
273 1681 356 1722 abbatis
367 1681 389 1722 et
396 1682 517 1722 conventus
527 1681 654 1723 monasterii
663 1681 742 1722 Sancte
749 1681 819 1722 Mario
827 1681 853 1722 de
860 1681 934 1722 Monte

216 1751 295 1793 Oliveti
304 1753 327 1793 in
337 1754 418 1801 Acone,
428 1753 503 1794 nostre
513 1753 604 1795 Aeetine
616 1753 713 1801 diocesis,
723 1753 788 1804 plura
802 1752 886 1793 iuermt
900 1764 933 1793 co·

216 1834 263 1864 ram
272 1824 332 1864 nobis
341 1822 370 1878 [a]
378 1824 475 1865 Guidone
483 1824 623 1865 miseratione
631 1824 705 1865 dimna
712 1824 811 1876 episcopo
819 1823 841 1864 et
848 1824 933 1864 domino

216 1894 314 1943 Aeetine,
322 1905 371 1936 cum
379 1895 505 1936 reverentia
512 1895 630 1948 postulata
639 1906 677 1936 nos
685 1895 770 1936 decenti
778 1895 933 1936 deliberatione

216 1965 313 2006 adhibita
325 1952 393 2017 snper
406 1965 448 2015 his,
463 1967 489 2008 de
503 1966 639 2008 contratrum
648 1967 775 2008 nostrorum
785 1966 934 2018 infrascripto-

216 2048 265 2077 rum
284 2037 375 2078 consilio
394 2037 416 2078 et
435 2048 526 2079 assensu
545 2049 571 2079 ac
588 2037 702 2079 voluntate
718 2038 822 2090 Ipsorum,
837 2037 873 2089 qui
892 2037 934 2078 hoc

216 2108 313 2160 tempore
323 2110 347 2149 in
357 2108 479 2150 cathedrali
494 2110 586 2157 ecclesia
595 2108 691 2150 resident
700 2109 798 2156 Aretina,
808 2109 831 2150 et
840 2108 861 2148 in
873 2108 934 2160 plebe

216 2179 295 2220 Sancte
309 2179 380 2221 Marte
394 2179 420 2220 de
433 2180 509 2221 Aretio
523 2181 586 2233 unita
599 2180 640 2232 ipsi
654 2180 745 2222 ecclesie
759 2179 887 2228 cathedrali,
897 2180 934 2219 du-

216 2250 289 2291 mmus
303 2251 341 2291 illa
354 2261 384 2291 ex
397 2250 458 2292 certa
472 2251 570 2300 scientia,
585 2250 608 2292 et
621 2251 669 2293 vioe
678 2251 755 2292 nostra
765 2251 934 2302 nostrorumque

216 2321 323 2363 catholice
338 2332 488 2363 successorum
499 2323 521 2364 et
529 2321 621 2364 Aeetine
635 2323 732 2371 ecclesie,
746 2323 773 2363 ad
788 2321 933 2364 exauditionIs

216 2392 309 2444 gratiam
328 2392 431 2434 duximus
445 2393 583 2435 admittenda.
598 2393 626 2434 Et
642 2394 720 2445 prtmc,
734 2394 784 2435 stce
804 2393 827 2434 et
847 2393 934 2434 nomme

216 2474 258 2516 quo
272 2475 345 2516 supra,
360 2464 497 2506 concedimus
511 2465 564 2514 ioco,
582 2465 714 2506 monasterio
732 2465 755 2506 et
773 2465 891 2506 conventui
909 2465 934 2505 de

216 2534 290 2576 Monte
306 2535 391 2583 Oliveti,
406 2535 509 2587 predictis
523 2536 546 2577 et
564 2535 669 2577 iratribus
687 2536 783 2577 eIusdem
801 2535 934 2582 monasterii,

216 2605 260 2645 tam
280 2606 417 2657 presenthus
437 2618 501 2659 quam
520 2607 608 2656 tuturis,
623 2607 679 2659 quod
694 2608 798 2660 aliquem
818 2605 935 2648 maluerint

216 2676 324 2727 prelatum
338 2677 429 2719 diocesis
443 2679 541 2727 Aeetine,
556 2678 640 2730 possint
658 2678 681 2718 in
699 2679 818 2731 posterum,
835 2678 934 2730 quotiens

215 2747 284 2789 tuerit
302 2748 440 2801 oportunum,
459 2761 498 2802 pro
518 2750 684 2791 confirmatione
703 2750 793 2799 abbatis,
813 2761 877 2802 quem
894 2748 934 2800 ipsi

216 2818 296 2861 iratres
306 2820 410 2862 duxerint
420 2821 544 2873 eligendum
559 2833 598 2874 pro
612 2823 710 2882 tempore
724 2822 760 2863 vel
774 2821 934 2869 nominandum,
