<?xml version="1.0" encoding="UTF-8"?>
<!DOCTYPE html PUBLIC "-//W3C//DTD XHTML 1.0 Transitional//EN"
    "http://www.w3.org/TR/xhtml1/DTD/xhtml1-transitional.dtd">
<html xmlns="http://www.w3.org/1999/xhtml" xml:lang="en" lang="en">
 <head>
  <title>
</title>
<meta http-equiv="Content-Type" content="text/html;charset=utf-8" />
  <meta name='ocr-system' content='tesseract 3.04.00' />
  <meta name='ocr-capabilities' content='ocr_page ocr_carea ocr_par ocr_line ocrx_word'/>
</head>
<body>
  <div class='ocr_page' id='page_1' title='image "MN42043ucmf_1_0151.png"; bbox 0 0 2060 3342; ppageno 0'>
   <div class='ocr_carea' id='block_1_1' title="bbox 298 221 775 297">
    <p class='ocr_par' dir='ltr' id='par_1_1' title="bbox 298 221 775 297">
     <span class='ocr_line' id='line_1_1' title="bbox 298 221 775 297; baseline -0.015 -4"><span class='ocrx_word' id='word_1_1' title='bbox 298 290 299 293; x_wconf 74' lang='grc'>,</span> <span class='ocrx_word' id='word_1_2' title='bbox 359 221 479 294; x_wconf 68' lang='lat' dir='ltr'>Aeneade</span> <span class='ocrx_word' id='word_1_3' title='bbox 579 233 580 236; x_wconf 72' lang='grc'>’</span> <span class='ocrx_word' id='word_1_4' title='bbox 749 246 775 297; x_wconf 80' lang='lat'>81</span> 
     </span>
    </p>
   </div>
   <div class='ocr_carea' id='block_1_2' title="bbox 25 341 816 2765">
    <p class='ocr_par' dir='ltr' id='par_1_2' title="bbox 58 341 776 636">
     <span class='ocr_line' id='line_1_2' title="bbox 59 341 776 422; baseline 0.011 -14"><span class='ocrx_word' id='word_1_5' title='bbox 59 378 119 419; x_wconf 88' lang='lat' dir='ltr'>pepe,</span> <span class='ocrx_word' id='word_1_6' title='bbox 128 365 131 422; x_wconf 73' lang='lat' dir='ltr'>l</span> <span class='ocrx_word' id='word_1_7' title='bbox 141 368 217 410; x_wconf 89' lang='lat' dir='ltr'>domno</span> <span class='ocrx_word' id='word_1_8' title='bbox 227 369 328 421; x_wconf 83' lang='lat' dir='ltr'>Johapne</span> <span class='ocrx_word' id='word_1_9' title='bbox 337 368 438 419; x_wconf 84' lang='lat' dir='ltr'>Petrutii,</span> <span class='ocrx_word' id='word_1_10' title='bbox 448 341 552 412; x_wconf 73' lang='lat' dir='ltr'>canonico</span> <span class='ocrx_word' id='word_1_11' title='bbox 559 375 684 416; x_wconf 80' lang='lat' dir='ltr'>sanctorum</span> <span class='ocrx_word' id='word_1_12' title='bbox 692 376 776 418; x_wconf 82' lang='lat' dir='ltr'>Stefani</span> 
     </span>
     <span class='ocr_line' id='line_1_3' title="bbox 59 439 775 495; baseline 0.013 -16"><span class='ocrx_word' id='word_1_13' title='bbox 59 439 81 480; x_wconf 88' lang='lat' dir='ltr'>ct</span> <span class='ocrx_word' id='word_1_14' title='bbox 99 439 201 480; x_wconf 78' lang='lat' dir='ltr'>Bonifatii</span> <span class='ocrx_word' id='word_1_15' title='bbox 219 440 357 482; x_wconf 87' lang='lat' dir='ltr'>deViterloio</span> <span class='ocrx_word' id='word_1_16' title='bbox 372 441 395 481; x_wconf 89' lang='lat' dir='ltr'>ct</span> <span class='ocrx_word' id='word_1_17' title='bbox 408 442 427 481; x_wconf 91' lang='lat' dir='ltr'>d.</span> <span class='ocrx_word' id='word_1_18' title='bbox 442 441 542 483; x_wconf 85' lang='lat' dir='ltr'>Johaune</span> <span class='ocrx_word' id='word_1_19' title='bbox 556 444 581 485; x_wconf 93' lang='lat' dir='ltr'>de</span> <span class='ocrx_word' id='word_1_20' title='bbox 596 444 681 495; x_wconf 86' lang='lat' dir='ltr'>Batuto,</span> <span class='ocrx_word' id='word_1_21' title='bbox 695 448 775 488; x_wconf 90' lang='lat' dir='ltr'>clerico</span> 
     </span>
     <span class='ocr_line' id='line_1_4' title="bbox 59 500 776 568; baseline 0.013 -18"><span class='ocrx_word' id='word_1_22' title='bbox 59 511 186 560; x_wconf 84' lang='lat' dir='ltr'>Rutenensi,</span> <span class='ocrx_word' id='word_1_23' title='bbox 207 512 230 552; x_wconf 91' lang='lat' dir='ltr'>in</span> <span class='ocrx_word' id='word_1_24' title='bbox 249 512 334 564; x_wconf 72' lang='lat' dir='ltr'>legibus</span> <span class='ocrx_word' id='word_1_25' title='bbox 352 512 498 561; x_wconf 80' lang='lat' dir='ltr'>bacchaturio,</span> <span class='ocrx_word' id='word_1_26' title='bbox 516 500 608 568; x_wconf 85' lang='lat' dir='ltr'>testibus</span> <span class='ocrx_word' id='word_1_27' title='bbox 626 517 652 565; x_wconf 83' lang='lat' dir='ltr'>ad</span> <span class='ocrx_word' id='word_1_28' title='bbox 671 519 776 568; x_wconf 84' lang='lat' dir='ltr'>premissa</span> 
     </span>
     <span class='ocr_line' id='line_1_5' title="bbox 58 580 431 636; baseline 0.003 -13"><span class='ocrx_word' id='word_1_29' title='bbox 58 582 141 623; x_wconf 77' lang='lat' dir='ltr'>vocetis</span> <span class='ocrx_word' id='word_1_30' title='bbox 154 580 157 636; x_wconf 79' lang='lat' dir='ltr'>l</span> <span class='ocrx_word' id='word_1_31' title='bbox 169 584 292 635; x_wconf 71' lang='lat' dir='ltr'>specialiter</span> <span class='ocrx_word' id='word_1_32' title='bbox 306 584 328 624; x_wconf 89' lang='lat' dir='ltr'>et</span> <span class='ocrx_word' id='word_1_33' title='bbox 342 584 431 635; x_wconf 79' lang='lat' dir='ltr'>rogatis.</span> 
     </span>
    </p>

    <p class='ocr_par' dir='ltr' id='par_1_3' title="bbox 25 654 816 991">
     <span class='ocr_line' id='line_1_6' title="bbox 84 654 775 710; baseline 0.01 -17"><span class='ocrx_word' id='word_1_34' title='bbox 84 654 146 694; x_wconf 79' lang='lat' dir='ltr'>Anno</span> <span class='ocrx_word' id='word_1_35' title='bbox 165 654 288 706; x_wconf 81' lang='lat' dir='ltr'>nativitatis</span> <span class='ocrx_word' id='word_1_36' title='bbox 307 655 387 696; x_wconf 81' lang='lat' dir='ltr'>doniini</span> <span class='ocrx_word' id='word_1_37' title='bbox 406 655 476 696; x_wconf 88' lang='lat' dir='ltr'>nostri</span> <span class='ocrx_word' id='word_1_38' title='bbox 496 658 547 709; x_wconf 80' lang='lat' dir='ltr'>Jesu</span> <span class='ocrx_word' id='word_1_39' title='bbox 566 655 647 710; x_wconf 76' lang='lat' dir='ltr'>Christi</span> <span class='ocrx_word' id='word_1_40' title='bbox 661 658 775 710; x_wconf 82' lang='lat' dir='ltr'>millesimo</span> 
     </span>
     <span class='ocr_line' id='line_1_7' title="bbox 57 721 775 782; baseline 0.008 -18"><span class='ocrx_word' id='word_1_41' title='bbox 57 721 270 776; x_wconf 82' lang='lat' dir='ltr'>quadringentesimo</span> <span class='ocrx_word' id='word_1_42' title='bbox 284 726 403 778; x_wconf 73' lang='lat' dir='ltr'>trigesimo,</span> <span class='ocrx_word' id='word_1_43' title='bbox 413 727 531 782; x_wconf 78' lang='lat' dir='ltr'>indictione</span> <span class='ocrx_word' id='word_1_44' title='bbox 541 726 624 780; x_wconf 82' lang='lat' dir='ltr'>octaua,</span> <span class='ocrx_word' id='word_1_45' title='bbox 635 729 714 782; x_wconf 79' lang='lat' dir='ltr'>mensis</span> <span class='ocrx_word' id='word_1_46' title='bbox 724 730 775 770; x_wconf 87' lang='lat' dir='ltr'>maii</span> 
     </span>
     <span class='ocr_line' id='line_1_8' title="bbox 57 795 816 853; baseline 0.008 -18"><span class='ocrx_word' id='word_1_47' title='bbox 57 796 91 837; x_wconf 88' lang='lat' dir='ltr'>die</span> <span class='ocrx_word' id='word_1_48' title='bbox 99 795 279 849; x_wconf 74' lang='lat' dir='ltr'>decimoseptimo,</span> <span class='ocrx_word' id='word_1_49' title='bbox 288 795 291 850; x_wconf 74' lang='lat' dir='ltr'>l</span> <span class='ocrx_word' id='word_1_50' title='bbox 300 797 439 849; x_wconf 85' lang='lat' dir='ltr'>pontificatus</span> <span class='ocrx_word' id='word_1_51' title='bbox 447 797 578 852; x_wconf 78' lang='lat' dir='ltr'>sanctissimi</span> <span class='ocrx_word' id='word_1_52' title='bbox 585 799 608 840; x_wconf 90' lang='lat' dir='ltr'>in</span> <span class='ocrx_word' id='word_1_53' title='bbox 613 799 700 853; x_wconf 74' lang='lat' dir='ltr'>Christo</span> <span class='ocrx_word' id='word_1_54' title='bbox 706 800 774 852; x_wconf 86' lang='lat' dir='ltr'>patris</span> <span class='ocrx_word' id='word_1_55' title='bbox 814 827 816 830; x_wconf 93' lang='lat'>-</span> 
     </span>
     <span class='ocr_line' id='line_1_9' title="bbox 25 867 778 925; baseline 0.008 -18"><span class='ocrx_word' id='word_1_56' title='bbox 25 870 27 874; x_wconf 88' lang='lat'>&#39;</span> <span class='ocrx_word' id='word_1_57' title='bbox 57 867 79 907; x_wconf 88' lang='lat' dir='ltr'>et</span> <span class='ocrx_word' id='word_1_58' title='bbox 97 867 170 919; x_wconf 89' lang='lat' dir='ltr'>domni</span> <span class='ocrx_word' id='word_1_59' title='bbox 188 868 258 922; x_wconf 82' lang='lat' dir='ltr'>nostri</span> <span class='ocrx_word' id='word_1_60' title='bbox 276 868 349 916; x_wconf 86' lang='lat' dir='ltr'>domni</span> <span class='ocrx_word' id='word_1_61' title='bbox 368 869 458 919; x_wconf 88' lang='lat' dir='ltr'>Martini</span> <span class='ocrx_word' id='word_1_62' title='bbox 475 869 552 924; x_wconf 79' lang='lat' dir='ltr'>,dirime</span> <span class='ocrx_word' id='word_1_63' title='bbox 570 871 708 925; x_wconf 75' lang='lat' dir='ltr'>prouidentia</span> <span class='ocrx_word' id='word_1_64' title='bbox 721 883 778 924; x_wconf 52' lang='lat' dir='ltr'>pape*</span> 
     </span>
     <span class='ocr_line' id='line_1_10' title="bbox 57 932 799 991; baseline 0.007 -13"><span class='ocrx_word' id='word_1_65' title='bbox 57 938 134 990; x_wconf 89' lang='lat' dir='ltr'>quinti,</span> <span class='ocrx_word' id='word_1_66' title='bbox 148 949 205 980; x_wconf 81' lang='lat' dir='ltr'>aurio</span> <span class='ocrx_word' id='word_1_67' title='bbox 219 938 374 991; x_wconf 81' lang='lat' dir='ltr'>tertiodecimo.</span> <span class='ocrx_word' id='word_1_68' title='bbox 792 932 799 943; x_wconf 82' lang='lat'>&#39;</span> 
     </span>
    </p>

    <p class='ocr_par' dir='ltr' id='par_1_4' title="bbox 50 1010 812 2482">
     <span class='ocr_line' id='line_1_11' title="bbox 84 1010 773 1068; baseline 0.001 -16"><span class='ocrx_word' id='word_1_69' title='bbox 84 1011 105 1052; x_wconf 63' lang='lat' dir='ltr'>ff&lt;</span> <span class='ocrx_word' id='word_1_70' title='bbox 121 1010 148 1049; x_wconf 85' lang='lat' dir='ltr'>Et</span> <span class='ocrx_word' id='word_1_71' title='bbox 158 1021 198 1062; x_wconf 79' lang='lat' dir='ltr'>ego</span> <span class='ocrx_word' id='word_1_72' title='bbox 210 1010 328 1068; x_wconf 74' lang='lat' dir='ltr'>Gregorius</span> <span class='ocrx_word' id='word_1_73' title='bbox 339 1011 446 1064; x_wconf 81' lang='lat' dir='ltr'>quondam</span> <span class='ocrx_word' id='word_1_74' title='bbox 454 1012 528 1064; x_wconf 38' lang='lat' dir='ltr'>,Jacobi</span> <span class='ocrx_word' id='word_1_75' title='bbox 538 1023 574 1062; x_wconf 87' lang='lat' dir='ltr'>ser</span> <span class='ocrx_word' id='word_1_76' title='bbox 584 1013 643 1056; x_wconf 86' lang='lat' dir='ltr'>Nerii</span> <span class='ocrx_word' id='word_1_77' title='bbox 654 1013 773 1065; x_wconf 80' lang='lat' dir='ltr'>spetialini,</span> 
     </span>
     <span class='ocr_line' id='line_1_12' title="bbox 56 1081 774 1137; baseline 0.007 -17"><span class='ocrx_word' id='word_1_78' title='bbox 56 1081 148 1133; x_wconf 81' lang='lat' dir='ltr'>clericus</span> <span class='ocrx_word' id='word_1_79' title='bbox 162 1081 251 1134; x_wconf 84' lang='lat' dir='ltr'>pisanus</span> <span class='ocrx_word' id='word_1_80' title='bbox 264 1081 363 1134; x_wconf 66' lang='lat' dir='ltr'>publicus</span> <span class='ocrx_word' id='word_1_81' title='bbox 375 1081 482 1136; x_wconf 23' lang='lat' dir='ltr'>imperial-i</span> <span class='ocrx_word' id='word_1_82' title='bbox 492 1083 623 1137; x_wconf 77' lang='lat' dir='ltr'>auctoritate</span> <span class='ocrx_word' id='word_1_83' title='bbox 636 1084 702 1135; x_wconf 80' lang='lat' dir='ltr'>iudex</span> <span class='ocrx_word' id='word_1_84' title='bbox 716 1085 774 1137; x_wconf 82' lang='lat' dir='ltr'>ordi-</span> 
     </span>
     <span class='ocr_line' id='line_1_13' title="bbox 57 1152 772 1209; baseline 0.004 -18"><span class='ocrx_word' id='word_1_85' title='bbox 57 1152 138 1200; x_wconf 84' lang='lat' dir='ltr'>narius,</span> <span class='ocrx_word' id='word_1_86' title='bbox 158 1153 223 1205; x_wconf 87' lang='lat' dir='ltr'>atque</span> <span class='ocrx_word' id='word_1_87' title='bbox 240 1152 339 1204; x_wconf 84' lang='lat' dir='ltr'>noterius</span> <span class='ocrx_word' id='word_1_88' title='bbox 354 1152 376 1193; x_wconf 92' lang='lat' dir='ltr'>et</span> <span class='ocrx_word' id='word_1_89' title='bbox 388 1154 524 1209; x_wconf 82' lang='lat' dir='ltr'>secretarius</span> <span class='ocrx_word' id='word_1_90' title='bbox 539 1155 723 1209; x_wconf 67' lang='lat' dir='ltr'>Reverendissimi</span> <span class='ocrx_word' id='word_1_91' title='bbox 735 1154 737 1209; x_wconf 75' lang='lat' dir='ltr'>l</span> <span class='ocrx_word' id='word_1_92' title='bbox 749 1156 772 1208; x_wconf 84' lang='lat' dir='ltr'>in</span> 
     </span>
     <span class='ocr_line' id='line_1_14' title="bbox 55 1222 772 1280; baseline 0.003 -16"><span class='ocrx_word' id='word_1_93' title='bbox 55 1222 142 1264; x_wconf 75' lang='lat' dir='ltr'>Christo</span> <span class='ocrx_word' id='word_1_94' title='bbox 157 1224 225 1275; x_wconf 87' lang='lat' dir='ltr'>patris</span> <span class='ocrx_word' id='word_1_95' title='bbox 240 1224 262 1264; x_wconf 89' lang='lat' dir='ltr'>et</span> <span class='ocrx_word' id='word_1_96' title='bbox 273 1223 346 1270; x_wconf 63' lang='lat' dir='ltr'>⁴domni</span> <span class='ocrx_word' id='word_1_97' title='bbox 361 1225 457 1274; x_wconf 87' lang='lat' dir='ltr'>Antonii,</span> <span class='ocrx_word' id='word_1_98' title='bbox 471 1224 612 1279; x_wconf 75' lang='lat' dir='ltr'>miseratione</span> <span class='ocrx_word' id='word_1_99' title='bbox 626 1226 699 1280; x_wconf 76' lang='lat' dir='ltr'>diuina</span> <span class='ocrx_word' id='word_1_100' title='bbox 712 1226 772 1279; x_wconf 76' lang='lat' dir='ltr'>tituli</span> 
     </span>
     <span class='ocr_line' id='line_1_15' title="bbox 55 1293 772 1351; baseline 0.006 -18"><span class='ocrx_word' id='word_1_101' title='bbox 55 1293 124 1334; x_wconf 84' lang='lat' dir='ltr'>sancti</span> <span class='ocrx_word' id='word_1_102' title='bbox 136 1294 234 1335; x_wconf 79' lang='lat' dir='ltr'>Marcelli</span> <span class='ocrx_word' id='word_1_103' title='bbox 244 1294 319 1335; x_wconf 87' lang='lat' dir='ltr'>sancte</span> <span class='ocrx_word' id='word_1_104' title='bbox 328 1297 426 1336; x_wconf 81' lang='lat' dir='ltr'>Romane</span> <span class='ocrx_word' id='word_1_105' title='bbox 433 1296 517 1336; x_wconf 86' lang='lat' dir='ltr'>Eclesie</span> <span class='ocrx_word' id='word_1_106' title='bbox 524 1296 639 1347; x_wconf 73' lang='lat' dir='ltr'>presbiteri</span> <span class='ocrx_word' id='word_1_107' title='bbox 648 1297 772 1351; x_wconf 80' lang='lat' dir='ltr'>cardinalis,</span> 
     </span>
     <span class='ocr_line' id='line_1_16' title="bbox 53 1365 772 1420; baseline 0.003 -15"><span class='ocrx_word' id='word_1_108' title='bbox 53 1365 195 1406; x_wconf 87' lang='lat' dir='ltr'>commissarii</span> <span class='ocrx_word' id='word_1_109' title='bbox 205 1365 290 1417; x_wconf 83' lang='lat' dir='ltr'>prefati,</span> <span class='ocrx_word' id='word_1_110' title='bbox 301 1366 410 1416; x_wconf 88' lang='lat' dir='ltr'>premissis</span> <span class='ocrx_word' id='word_1_111' title='bbox 420 1366 520 1406; x_wconf 87' lang='lat' dir='ltr'>omnibus</span> <span class='ocrx_word' id='word_1_112' title='bbox 531 1367 553 1407; x_wconf 88' lang='lat' dir='ltr'>et</span> <span class='ocrx_word' id='word_1_113' title='bbox 562 1366 654 1418; x_wconf 76' lang='lat' dir='ltr'>singulis</span> <span class='ocrx_word' id='word_1_114' title='bbox 666 1365 669 1420; x_wconf 74' lang='lat' dir='ltr'>l</span> <span class='ocrx_word' id='word_1_115' title='bbox 680 1368 730 1407; x_wconf 92' lang='lat' dir='ltr'>dum</span> <span class='ocrx_word' id='word_1_116' title='bbox 740 1368 772 1407; x_wconf 89' lang='lat' dir='ltr'>sic</span> 
     </span>
     <span class='ocr_line' id='line_1_17' title="bbox 54 1435 772 1487; baseline 0.001 -12"><span class='ocrx_word' id='word_1_117' title='bbox 54 1435 80 1476; x_wconf 89' lang='lat' dir='ltr'>ut</span> <span class='ocrx_word' id='word_1_118' title='bbox 93 1437 235 1487; x_wconf 86' lang='lat' dir='ltr'>premittitur,</span> <span class='ocrx_word' id='word_1_119' title='bbox 252 1438 371 1487; x_wconf 73' lang='lat' dir='ltr'>agerentur</span> <span class='ocrx_word' id='word_1_120' title='bbox 390 1436 411 1477; x_wconf 91' lang='lat' dir='ltr'>et</span> <span class='ocrx_word' id='word_1_121' title='bbox 425 1436 510 1484; x_wconf 85' lang='lat' dir='ltr'>fierent,</span> <span class='ocrx_word' id='word_1_122' title='bbox 525 1448 631 1478; x_wconf 90' lang='lat' dir='ltr'>unacum</span> <span class='ocrx_word' id='word_1_123' title='bbox 650 1438 772 1478; x_wconf 76' lang='lat' dir='ltr'>venerabili</span> 
     </span>
     <span class='ocr_line' id='line_1_18' title="bbox 54 1497 770 1559; baseline 0.003 -12"><span class='ocrx_word' id='word_1_124' title='bbox 54 1507 103 1547; x_wconf 82' lang='lat' dir='ltr'>uiro</span> <span class='ocrx_word' id='word_1_125' title='bbox 118 1508 195 1548; x_wconf 87' lang='lat' dir='ltr'>domno</span> <span class='ocrx_word' id='word_1_126' title='bbox 209 1507 344 1548; x_wconf 77' lang='lat' dir='ltr'>Christoioro</span> <span class='ocrx_word' id='word_1_127' title='bbox 362 1507 388 1547; x_wconf 90' lang='lat' dir='ltr'>de</span> <span class='ocrx_word' id='word_1_128' title='bbox 407 1497 522 1559; x_wconf 77' lang='lat' dir='ltr'>Roggerfis</span> <span class='ocrx_word' id='word_1_129' title='bbox 537 1508 563 1548; x_wconf 92' lang='lat' dir='ltr'>de</span> <span class='ocrx_word' id='word_1_130' title='bbox 576 1509 652 1556; x_wconf 85' lang='lat' dir='ltr'>Roma,</span> <span class='ocrx_word' id='word_1_131' title='bbox 666 1519 770 1549; x_wconf 84' lang='lat' dir='ltr'>reveren-</span> 
     </span>
     <span class='ocr_line' id='line_1_19' title="bbox 54 1577 771 1629; baseline 0 -11"><span class='ocrx_word' id='word_1_132' title='bbox 54 1578 136 1618; x_wconf 89' lang='lat' dir='ltr'>dissimi</span> <span class='ocrx_word' id='word_1_133' title='bbox 150 1578 173 1617; x_wconf 89' lang='lat' dir='ltr'>in</span> <span class='ocrx_word' id='word_1_134' title='bbox 187 1578 273 1619; x_wconf 75' lang='lat' dir='ltr'>Christo</span> <span class='ocrx_word' id='word_1_135' title='bbox 287 1578 357 1629; x_wconf 87' lang='lat' dir='ltr'>patris</span> <span class='ocrx_word' id='word_1_136' title='bbox 370 1578 392 1618; x_wconf 90' lang='lat' dir='ltr'>et</span> <span class='ocrx_word' id='word_1_137' title='bbox 406 1578 478 1618; x_wconf 89' lang='lat' dir='ltr'>domni</span> <span class='ocrx_word' id='word_1_138' title='bbox 495 1577 567 1618; x_wconf 89' lang='lat' dir='ltr'>domni</span> <span class='ocrx_word' id='word_1_139' title='bbox 584 1579 667 1619; x_wconf 91' lang='lat' dir='ltr'>Nicolai</span> <span class='ocrx_word' id='word_1_140' title='bbox 682 1579 771 1619; x_wconf 85' lang='lat' dir='ltr'>misera·</span> 
     </span>
     <span class='ocr_line' id='line_1_20' title="bbox 53 1647 771 1706; baseline 0.003 -18"><span class='ocrx_word' id='word_1_141' title='bbox 53 1648 112 1689; x_wconf 88' lang='lat' dir='ltr'>tione</span> <span class='ocrx_word' id='word_1_142' title='bbox 124 1647 126 1702; x_wconf 78' lang='lat' dir='ltr'>l</span> <span class='ocrx_word' id='word_1_143' title='bbox 139 1649 219 1696; x_wconf 87' lang='lat' dir='ltr'>divina,</span> <span class='ocrx_word' id='word_1_144' title='bbox 232 1649 291 1689; x_wconf 87' lang='lat' dir='ltr'>tituli</span> <span class='ocrx_word' id='word_1_145' title='bbox 306 1649 380 1689; x_wconf 86' lang='lat' dir='ltr'>sancte</span> <span class='ocrx_word' id='word_1_146' title='bbox 394 1649 476 1706; x_wconf 75' lang='lat' dir='ltr'>Crucis,</span> <span class='ocrx_word' id='word_1_147' title='bbox 491 1651 565 1689; x_wconf 86' lang='lat' dir='ltr'>sancto</span> <span class='ocrx_word' id='word_1_148' title='bbox 579 1651 676 1690; x_wconf 84' lang='lat' dir='ltr'>Romane</span> <span class='ocrx_word' id='word_1_149' title='bbox 686 1649 771 1690; x_wconf 85' lang='lat' dir='ltr'>Eclesie</span> 
     </span>
     <span class='ocr_line' id='line_1_21' title="bbox 53 1707 812 1771; baseline 0.001 -12"><span class='ocrx_word' id='word_1_150' title='bbox 53 1707 771 1771; x_wconf 67' lang='lat' dir='ltr'>presbitericardinalis‚commissarii&#39;enteiattsecretarioacpre·</span> <span class='ocrx_word' id='word_1_151' title='bbox 810 1762 812 1766; x_wconf 76' lang='grc'>,</span> 
     </span>
     <span class='ocr_line' id='line_1_22' title="bbox 53 1789 769 1843; baseline 0 -13"><span class='ocrx_word' id='word_1_152' title='bbox 53 1790 170 1830; x_wconf 87' lang='lat' dir='ltr'>nominatis</span> <span class='ocrx_word' id='word_1_153' title='bbox 179 1791 278 1838; x_wconf 87' lang='lat' dir='ltr'>testibus,</span> <span class='ocrx_word' id='word_1_154' title='bbox 290 1790 387 1837; x_wconf 85' lang='lat' dir='ltr'>interfui,</span> <span class='ocrx_word' id='word_1_155' title='bbox 394 1801 467 1842; x_wconf 65' lang='lat' dir='ltr'>,eaque</span> <span class='ocrx_word' id='word_1_156' title='bbox 477 1790 508 1830; x_wconf 93' lang='lat' dir='ltr'>sic</span> <span class='ocrx_word' id='word_1_157' title='bbox 518 1789 573 1838; x_wconf 80' lang='lat' dir='ltr'>fieri,</span> <span class='ocrx_word' id='word_1_158' title='bbox 583 1791 627 1831; x_wconf 88' lang='lat' dir='ltr'>uidi</span> <span class='ocrx_word' id='word_1_159' title='bbox 638 1791 660 1832; x_wconf 91' lang='lat' dir='ltr'>et</span> <span class='ocrx_word' id='word_1_160' title='bbox 671 1789 674 1843; x_wconf 76' lang='lat' dir='ltr'>l</span> <span class='ocrx_word' id='word_1_161' title='bbox 686 1790 769 1831; x_wconf 86' lang='lat' dir='ltr'>audivi:</span> 
     </span>
     <span class='ocr_line' id='line_1_23' title="bbox 53 1860 770 1913; baseline 0.003 -13"><span class='ocrx_word' id='word_1_162' title='bbox 53 1861 100 1902; x_wconf 91' lang='lat' dir='ltr'>ideo</span> <span class='ocrx_word' id='word_1_163' title='bbox 114 1861 156 1902; x_wconf 88' lang='lat' dir='ltr'>hoc</span> <span class='ocrx_word' id='word_1_164' title='bbox 170 1872 260 1912; x_wconf 77' lang='lat' dir='ltr'>presens</span> <span class='ocrx_word' id='word_1_165' title='bbox 275 1861 383 1913; x_wconf 89' lang='lat' dir='ltr'>publicum</span> <span class='ocrx_word' id='word_1_166' title='bbox 398 1860 569 1901; x_wconf 84' lang='lat' dir='ltr'>instrumentum</span> <span class='ocrx_word' id='word_1_167' title='bbox 583 1861 664 1902; x_wconf 80' lang='lat' dir='ltr'>exinde</span> <span class='ocrx_word' id='word_1_168' title='bbox 678 1861 770 1909; x_wconf 84' lang='lat' dir='ltr'>conieci,</span> 
     </span>
     <span class='ocr_line' id='line_1_24' title="bbox 53 1931 769 1983; baseline -0.001 -10"><span class='ocrx_word' id='word_1_169' title='bbox 53 1931 75 1973; x_wconf 90' lang='lat' dir='ltr'>et</span> <span class='ocrx_word' id='word_1_170' title='bbox 89 1943 129 1983; x_wconf 90' lang='lat' dir='ltr'>per</span> <span class='ocrx_word' id='word_1_171' title='bbox 142 1932 222 1973; x_wconf 90' lang='lat' dir='ltr'>dictum</span> <span class='ocrx_word' id='word_1_172' title='bbox 237 1933 339 1972; x_wconf 89' lang='lat' dir='ltr'>domnum</span> <span class='ocrx_word' id='word_1_173' title='bbox 349 1931 509 1973; x_wconf 73' lang='lat' dir='ltr'>Christoiorum</span> <span class='ocrx_word' id='word_1_174' title='bbox 519 1931 612 1973; x_wconf 78' lang='lat' dir='ltr'>fideliter</span> <span class='ocrx_word' id='word_1_175' title='bbox 621 1931 732 1983; x_wconf 87' lang='lat' dir='ltr'>scriptum,</span> <span class='ocrx_word' id='word_1_176' title='bbox 743 1932 769 1972; x_wconf 89' lang='lat' dir='ltr'>de</span> 
     </span>
     <span class='ocr_line' id='line_1_25' title="bbox 53 2000 769 2055; baseline 0 -12"><span class='ocrx_word' id='word_1_177' title='bbox 53 2002 154 2043; x_wconf 86' lang='lat' dir='ltr'>mandato</span> <span class='ocrx_word' id='word_1_178' title='bbox 166 2003 398 2044; x_wconf 83' lang='lat' dir='ltr'>reverendissimorum</span> <span class='ocrx_word' id='word_1_179' title='bbox 408 2002 431 2043; x_wconf 89' lang='lat' dir='ltr'>in</span> <span class='ocrx_word' id='word_1_180' title='bbox 440 2002 527 2043; x_wconf 77' lang='lat' dir='ltr'>Christo</span> <span class='ocrx_word' id='word_1_181' title='bbox 537 2000 624 2054; x_wconf 87' lang='lat' dir='ltr'>patrum</span> <span class='ocrx_word' id='word_1_182' title='bbox 634 2003 657 2043; x_wconf 94' lang='lat' dir='ltr'>et</span> <span class='ocrx_word' id='word_1_183' title='bbox 668 2000 670 2055; x_wconf 91' lang='grc' dir='ltr'>Ι</span> <span class='ocrx_word' id='word_1_184' title='bbox 682 2003 769 2043; x_wconf 89' lang='lat' dir='ltr'>domno-</span> 
     </span>
     <span class='ocr_line' id='line_1_26' title="bbox 52 2072 768 2125; baseline -0.001 -11"><span class='ocrx_word' id='word_1_185' title='bbox 52 2085 103 2114; x_wconf 86' lang='lat' dir='ltr'>rum</span> <span class='ocrx_word' id='word_1_186' title='bbox 121 2073 264 2115; x_wconf 81' lang='lat' dir='ltr'>cardinalium</span> <span class='ocrx_word' id='word_1_187' title='bbox 283 2073 480 2115; x_wconf 88' lang='lat' dir='ltr'>commissariorum</span> <span class='ocrx_word' id='word_1_188' title='bbox 494 2072 629 2125; x_wconf 88' lang='lat' dir='ltr'>pret&#39;atorum</span> <span class='ocrx_word' id='word_1_189' title='bbox 644 2073 768 2124; x_wconf 85' lang='lat' dir='ltr'>subscripsi,</span> 
     </span>
     <span class='ocr_line' id='line_1_27' title="bbox 51 2144 768 2196; baseline -0.001 -11"><span class='ocrx_word' id='word_1_190' title='bbox 51 2145 166 2196; x_wconf 82' lang='lat' dir='ltr'>publicavi,</span> <span class='ocrx_word' id='word_1_191' title='bbox 180 2146 203 2187; x_wconf 88' lang='lat' dir='ltr'>et</span> <span class='ocrx_word' id='word_1_192' title='bbox 215 2145 239 2185; x_wconf 92' lang='lat' dir='ltr'>in</span> <span class='ocrx_word' id='word_1_193' title='bbox 253 2144 311 2185; x_wconf 89' lang='lat' dir='ltr'>hanc</span> <span class='ocrx_word' id='word_1_194' title='bbox 320 2144 428 2196; x_wconf 87' lang='lat' dir='ltr'>publicam</span> <span class='ocrx_word' id='word_1_195' title='bbox 438 2145 530 2185; x_wconf 87' lang='lat' dir='ltr'>formam</span> <span class='ocrx_word' id='word_1_196' title='bbox 540 2144 622 2196; x_wconf 80' lang='lat' dir='ltr'>redegi,</span> <span class='ocrx_word' id='word_1_197' title='bbox 631 2144 736 2195; x_wconf 80' lang='lat' dir='ltr'>signoque</span> <span class='ocrx_word' id='word_1_198' title='bbox 746 2144 768 2184; x_wconf 91' lang='lat' dir='ltr'>et</span> 
     </span>
     <span class='ocr_line' id='line_1_28' title="bbox 51 2213 766 2267; baseline -0.003 -11"><span class='ocrx_word' id='word_1_199' title='bbox 51 2216 144 2264; x_wconf 90' lang='lat' dir='ltr'>nomine,</span> <span class='ocrx_word' id='word_1_200' title='bbox 154 2217 208 2258; x_wconf 82' lang='lat' dir='ltr'>meis</span> <span class='ocrx_word' id='word_1_201' title='bbox 222 2215 290 2256; x_wconf 85' lang='lat' dir='ltr'>solitis</span> <span class='ocrx_word' id='word_1_202' title='bbox 305 2215 327 2256; x_wconf 91' lang='lat' dir='ltr'>et</span> <span class='ocrx_word' id='word_1_203' title='bbox 340 2216 449 2256; x_wconf 88' lang='lat' dir='ltr'>consuetis</span> <span class='ocrx_word' id='word_1_204' title='bbox 461 2226 510 2257; x_wconf 85' lang='lat' dir='ltr'>cum</span> <span class='ocrx_word' id='word_1_205' title='bbox 519 2215 751 2256; x_wconf 83' lang='lat' dir='ltr'>reverendissimorum</span> <span class='ocrx_word' id='word_1_206' title='bbox 763 2213 766 2267; x_wconf 76' lang='lat' dir='ltr'>l</span> 
     </span>
     <span class='ocr_line' id='line_1_29' title="bbox 51 2273 767 2341; baseline -0.004 -14"><span class='ocrx_word' id='word_1_207' title='bbox 51 2277 179 2327; x_wconf 87' lang='lat' dir='ltr'>domnorum</span> <span class='ocrx_word' id='word_1_208' title='bbox 194 2286 338 2339; x_wconf 85' lang='lat' dir='ltr'>cardinalium</span> <span class='ocrx_word' id='word_1_209' title='bbox 352 2286 551 2338; x_wconf 78' lang='lat' dir='ltr'>commissariorum</span> <span class='ocrx_word' id='word_1_210' title='bbox 567 2273 767 2341; x_wconf 84' lang='lat' dir='ltr'>prenominatorum</span> 
     </span>
     <span class='ocr_line' id='line_1_30' title="bbox 50 2351 767 2411; baseline -0.004 -13"><span class='ocrx_word' id='word_1_211' title='bbox 50 2358 171 2410; x_wconf 82' lang='lat' dir='ltr'>sigillorum</span> <span class='ocrx_word' id='word_1_212' title='bbox 180 2358 311 2410; x_wconf 88' lang='lat' dir='ltr'>appensione</span> <span class='ocrx_word' id='word_1_213' title='bbox 318 2357 410 2411; x_wconf 78' lang='lat' dir='ltr'>signavi,</span> <span class='ocrx_word' id='word_1_214' title='bbox 418 2351 508 2409; x_wconf 73' lang='lat' dir='ltr'>rogatus</span> <span class='ocrx_word' id='word_1_215' title='bbox 516 2356 538 2398; x_wconf 91' lang='lat' dir='ltr'>et</span> <span class='ocrx_word' id='word_1_216' title='bbox 545 2355 664 2411; x_wconf 85' lang='lat' dir='ltr'>requisitus</span> <span class='ocrx_word' id='word_1_217' title='bbox 671 2355 694 2395; x_wconf 90' lang='lat' dir='ltr'>in</span> <span class='ocrx_word' id='word_1_218' title='bbox 702 2356 767 2395; x_wconf 85' lang='lat' dir='ltr'>fidem</span> 
     </span>
     <span class='ocr_line' id='line_1_31' title="bbox 51 2427 706 2482; baseline -0.005 -13"><span class='ocrx_word' id='word_1_219' title='bbox 51 2430 73 2469; x_wconf 92' lang='lat' dir='ltr'>et</span> <span class='ocrx_word' id='word_1_220' title='bbox 87 2429 235 2469; x_wconf 88' lang='lat' dir='ltr'>testimonium</span> <span class='ocrx_word' id='word_1_221' title='bbox 249 2428 345 2469; x_wconf 91' lang='lat' dir='ltr'>omnium</span> <span class='ocrx_word' id='word_1_222' title='bbox 359 2428 381 2469; x_wconf 94' lang='lat' dir='ltr'>et</span> <span class='ocrx_word' id='word_1_223' title='bbox 396 2429 531 2482; x_wconf 83' lang='lat' dir='ltr'>singulorum</span> <span class='ocrx_word' id='word_1_224' title='bbox 545 2427 706 2478; x_wconf 88' lang='lat' dir='ltr'>premissorum.</span> 
     </span>
    </p>

    <p class='ocr_par' dir='ltr' id='par_1_5' title="bbox 25 2497 767 2765">
     <span class='ocr_line' id='line_1_32' title="bbox 79 2497 767 2550; baseline -0.004 -11"><span class='ocrx_word' id='word_1_225' title='bbox 79 2503 100 2544; x_wconf 52' lang='grc' dir='ltr'>ὦ</span> <span class='ocrx_word' id='word_1_226' title='bbox 115 2500 142 2539; x_wconf 84' lang='lat' dir='ltr'>Et</span> <span class='ocrx_word' id='word_1_227' title='bbox 156 2510 196 2550; x_wconf 77' lang='lat' dir='ltr'>ego</span> <span class='ocrx_word' id='word_1_228' title='bbox 210 2499 358 2541; x_wconf 74' lang='lat' dir='ltr'>christoforus</span> <span class='ocrx_word' id='word_1_229' title='bbox 372 2500 480 2550; x_wconf 85' lang='lat' dir='ltr'>quondam</span> <span class='ocrx_word' id='word_1_230' title='bbox 497 2498 571 2539; x_wconf 78' lang='lat' dir='ltr'>iacobi</span> <span class='ocrx_word' id='word_1_231' title='bbox 584 2499 610 2539; x_wconf 92' lang='lat' dir='ltr'>de</span> <span class='ocrx_word' id='word_1_232' title='bbox 624 2497 724 2549; x_wconf 81' lang='lat' dir='ltr'>Rogeriis</span> <span class='ocrx_word' id='word_1_233' title='bbox 740 2497 767 2537; x_wconf 92' lang='lat' dir='ltr'>de</span> 
     </span>
     <span class='ocr_line' id='line_1_33' title="bbox 25 2567 767 2622; baseline -0.004 -11"><span class='ocrx_word' id='word_1_234' title='bbox 25 2601 29 2605; x_wconf 78' lang='lat'>,</span> <span class='ocrx_word' id='word_1_235' title='bbox 52 2573 121 2611; x_wconf 85' lang='lat' dir='ltr'>Roma</span> <span class='ocrx_word' id='word_1_236' title='bbox 135 2570 232 2621; x_wconf 89' lang='lat' dir='ltr'>publicus</span> <span class='ocrx_word' id='word_1_237' title='bbox 246 2570 363 2622; x_wconf 88' lang='lat' dir='ltr'>apostolica</span> <span class='ocrx_word' id='word_1_238' title='bbox 376 2573 398 2611; x_wconf 88' lang='lat' dir='ltr'>et</span> <span class='ocrx_word' id='word_1_239' title='bbox 411 2570 519 2621; x_wconf 89' lang='lat' dir='ltr'>imperiali</span> <span class='ocrx_word' id='word_1_240' title='bbox 531 2567 696 2609; x_wconf 83' lang='lat' dir='ltr'>auctoritatibus</span> <span class='ocrx_word' id='word_1_241' title='bbox 706 2568 767 2608; x_wconf 88' lang='lat' dir='ltr'>nota-</span> 
     </span>
     <span class='ocr_line' id='line_1_34' title="bbox 50 2636 765 2694; baseline -0.006 -12"><span class='ocrx_word' id='word_1_242' title='bbox 50 2642 103 2690; x_wconf 90' lang='lat' dir='ltr'>rius,</span> <span class='ocrx_word' id='word_1_243' title='bbox 117 2652 143 2682; x_wconf 88' lang='lat' dir='ltr'>ac</span> <span class='ocrx_word' id='word_1_244' title='bbox 152 2640 330 2694; x_wconf 78' lang='lat' dir='ltr'>reverendissimi</span> <span class='ocrx_word' id='word_1_245' title='bbox 336 2641 411 2694; x_wconf 52' lang='lat' dir='ltr'>¹dornni</span> <span class='ocrx_word' id='word_1_246' title='bbox 421 2639 538 2681; x_wconf 82' lang='lat' dir='ltr'>cardinalis</span> <span class='ocrx_word' id='word_1_247' title='bbox 553 2639 628 2680; x_wconf 89' lang='lat' dir='ltr'>sancte</span> <span class='ocrx_word' id='word_1_248' title='bbox 643 2638 717 2680; x_wconf 73' lang='lat' dir='ltr'>(trucis</span> <span class='ocrx_word' id='word_1_249' title='bbox 728 2638 749 2679; x_wconf 91' lang='lat' dir='ltr'>et</span> <span class='ocrx_word' id='word_1_250' title='bbox 763 2636 765 2691; x_wconf 91' lang='grc' dir='ltr'>Ι</span> 
     </span>
     <span class='ocr_line' id='line_1_35' title="bbox 50 2708 767 2765; baseline -0.004 -13"><span class='ocrx_word' id='word_1_251' title='bbox 50 2712 191 2753; x_wconf 89' lang='lat' dir='ltr'>commissarii</span> <span class='ocrx_word' id='word_1_252' title='bbox 205 2711 285 2765; x_wconf 74' lang='lat' dir='ltr'>prelati</span> <span class='ocrx_word' id='word_1_253' title='bbox 300 2710 441 2764; x_wconf 78' lang='lat' dir='ltr'>secretarius,</span> <span class='ocrx_word' id='word_1_254' title='bbox 455 2709 559 2762; x_wconf 86' lang='lat' dir='ltr'>predictis</span> <span class='ocrx_word' id='word_1_255' title='bbox 573 2710 672 2750; x_wconf 89' lang='lat' dir='ltr'>omnibus</span> <span class='ocrx_word' id='word_1_256' title='bbox 686 2709 709 2750; x_wconf 87' lang='lat' dir='ltr'>et</span> <span class='ocrx_word' id='word_1_257' title='bbox 722 2708 767 2749; x_wconf 90' lang='lat' dir='ltr'>sin-</span> 
     </span>
    </p>
   </div>
   <div class='ocr_carea' id='block_1_3' title="bbox 50 2779 766 2834">
    <p class='ocr_par' dir='ltr' id='par_1_6' title="bbox 50 2779 766 2834">
     <span class='ocr_line' id='line_1_36' title="bbox 50 2779 766 2834; baseline -0.006 -11"><span class='ocrx_word' id='word_1_258' title='bbox 50 2782 107 2834; x_wconf 74' lang='lat' dir='ltr'>gulis</span> <span class='ocrx_word' id='word_1_259' title='bbox 121 2783 171 2822; x_wconf 87' lang='lat' dir='ltr'>dum</span> <span class='ocrx_word' id='word_1_260' title='bbox 186 2782 216 2831; x_wconf 84' lang='lat' dir='ltr'>sic</span> <span class='ocrx_word' id='word_1_261' title='bbox 231 2781 255 2822; x_wconf 90' lang='lat' dir='ltr'>ut</span> <span class='ocrx_word' id='word_1_262' title='bbox 269 2780 404 2833; x_wconf 89' lang='lat' dir='ltr'>premittitur</span> <span class='ocrx_word' id='word_1_263' title='bbox 414 2779 535 2833; x_wconf 78' lang='lat' dir='ltr'>agerentur</span> <span class='ocrx_word' id='word_1_264' title='bbox 547 2779 569 2820; x_wconf 87' lang='lat' dir='ltr'>et</span> <span class='ocrx_word' id='word_1_265' title='bbox 579 2779 665 2828; x_wconf 84' lang='lat' dir='ltr'>fierent,</span> <span class='ocrx_word' id='word_1_266' title='bbox 675 2788 766 2831; x_wconf 83' lang='lat' dir='ltr'>presens</span> 
     </span>
    </p>
   </div>
   <div class='ocr_carea' id='block_1_4' title="bbox 0 0 1034 3342">
    <p class='ocr_par' dir='ltr' id='par_1_7' title="bbox 0 0 1034 3342">
     <span class='ocr_line' id='line_1_37' title="bbox 0 0 1034 3342; baseline 0 3"><span class='ocrx_word' id='word_1_267' title='bbox 0 0 1034 3342; x_wconf 95' lang='lat' dir='ltr'> </span> 
     </span>
    </p>
   </div>
  </div>
 </body>
</html>
