2060 3342
279 222 436 270 alphabeticus,
451 224 578 272 santaricus
762 223 789 265 95

67 348 184 397 Hieronymi
196 350 239 398 (S.).
249 369 273 378 -
282 349 433 387 Monaeterium
445 351 581 402 Quartanum,
592 353 618 391 ad
627 365 662 391 ora
671 353 785 402 Ligustica,

139 408 320 456 nobistraditum,
335 408 365 457 42,
380 418 457 446 xxxm.
544 448 545 451 Ἴ

66 467 199 514 Hieronymus
211 469 254 517 (S.).
268 468 356 506 -Eius
369 468 484 506 auctoritas
497 469 590 518 affertur,
604 472 633 507 27.

65 528 199 574 Hieronymus
211 528 344 567 mirebelllus.
356 550 378 557 -
387 528 543 577 Neapolitanus,
558 529 620 568 abbas
633 532 743 581 generalis,
753 532 784 581 48,

137 588 167 634 ee,
182 587 212 623 ee.

64 645 197 692 Hieronymus
210 647 285 686 Sancti.
299 647 457 695 *Perusinus
472 647 535 685 abbas
547 648 656 696 generalis,
671 649 700 686 51.
742 659 744 661 ·

63 705 192 752 Hippolytus.
207 727 230 733 —
242 706 409 755 Mediolanensis,
423 706 487 745 abbas
499 707 609 756 generalis,
623 708 653 756 42,
668 709 698 746 44.

63 765 207 821 ilungarleum.
221 784 245 794 -
257 765 276 803 S.
289 766 413 815 Margaritae
430 766 455 804 de
468 767 558 805 Demisio
575 767 725 807 monasterium
742 771 783 806 tra-

138 823 202 873 ditur,
216 825 247 863 57.
739 837 744 849 “

60 1025 196 1073 Indulgentlu.
208 1017 230 1055 '-
238 1027 294 1065 Anni
307 1027 322 1065 J
322 1027 409 1066 ubilaris
418 1015 540 1067 conceditur
551 1039 589 1077 per
597 1028 707 1067 Nicolaum
716 1029 741 1076 V,
749 1031 780 1068 60.

60 1087 145 1124 Infirmi.
159 1108 183 1115 —
196 1086 302 1131 Quomodo
310 1090 423 1136 ,cusentum
437 1088 467 1137 19,
480 1088 511 1126 23.

59 1145 189 1185 Innocentius
197 1145 296 1196 (eliscus).
307 1167 331 1174 -
339 1146 460 1195 Scripturas
469 1151 514 1186 erat
522 1148 624 1197 quoddam
634 1159 693 1197 opus,
704 1158 778 1196 xxxvi,

148 1215 167 1240 u.

59 1264 109 1303 Iter.
122 1215 147 1293 -x
158 1265 181 1302 B.
195 1265 295 1304 Bernardi
307 1266 438 1315 Avinionem,
452 1268 482 1314 21.

58 1324 188 1363 Itlnoruntos.
203 1345 225 1352 -
238 1324 345 1369 Quomodo
357 1325 512 1373 reficiebantur,
526 1327 556 1363 24.

56 1525 154 1564 Jacotilli
166 1520 300 1574 (indoneus).
314 1545 338 1553 ·-
350 1526 470 1564 Historicus
481 1526 637 1575 Fulginiensis„
646 1527 676 1563 32.
698 1499 700 1501 ι

56 1586 149 1624 Jucouus.
163 1584 265 1623 —Faber
278 1585 302 1622 de
314 1585 420 1634 Eugubio,
434 1585 524 1623 Sacrista
535 1585 558 1623 in
570 1585 696 1623 monasterio
706 1585 777 1623 (torto-

155 1645 189 1682 nsi
209 1645 239 1683 40.
648 1678 649 1681 ,

55 1657 255 1760 ιῐειοοὴιιὲθ(κ“ι·,ῑιιιθο).
270 1725 293 1733 -
306 1704 393 1754 Scripsit
409 1705 433 1743 de
448 1708 520 1744 nostro
537 1705 552 1743 J
554 1706 634 1744 ohanne
652 1706 774 1755 Veronensi,

128 1774 173 1812 xus,
187 1777 207 1801 n.
221 1766 238 1801 1.

54 1836 142 1874 lacobus
154 1835 235 1874 undosi.
248 1856 273 1863 -
285 1836 403 1885 Arretinus,
418 1835 480 1873 abbas
493 1836 602 1884 generalis,
617 1837 647 1874 39.
692 1859 694 1863 ι

54 1896 163 1933 ieiunium.
177 1914 202 1922 —
215 1894 321 1939 Quomodo
334 1898 356 1933 et
368 1896 450 1944 quando
464 1895 621 1944 observandum,
636 1897 666 1944 22,
681 1897 711 1933 23.
735 1919 737 1922 -

54 1955 175 1993 ieronimus.
190 1955 347 2004 -Perusinus,
361 1955 436 1993 doctus
449 1955 488 2002 viu,
501 1955 563 2003 petiit
575 1955 709 2003 Florentiam,
724 1956 754 1993 50.

54 2014 133 2053 Jecultu
146 2013 218 2062 (dono).
230 2035 255 2042 -
267 2013 377 2052 Sacrietiae
393 2014 412 2052 S.
426 2014 538 2052 Benedicti
555 2014 638 2053 Novelli
654 2015 678 2052 de
694 2015 771 2064 Padua,

126 2073 211 2110 donavit
223 2072 347 2111 Franciscus
360 2073 480 2122 canonicus,
494 2074 523 2110 58.

52 2134 100 2172 Joh.
112 2134 205 2181 Baptista
217 2134 241 2172 de
253 2134 393 2172 ratisbonae.
409 2156 430 2162 -
444 2134 513 2171 Abbas
525 2134 635 2182 generalis,
651 2135 679 2172 58.

52 2193 153 2231 lohannes
166 2193 198 2241 (de
210 2193 290 2240 Alegris
298 2193 322 2232 de
331 2194 457 2242 mediolano).
468 2216 490 2222 -
499 2194 613 2232 Monachus
626 2195 772 2233 conventualis

123 2252 146 2288 in
158 2252 283 2289 monasterio
296 2252 425 2301 Hungarico,
440 2263 509 2289 xxxn.
527 2265 529 2268 ’
549 2273 551 2275 ·
630 2273 632 2276 ·

51 2311 159 2350 iohannes.
173 2332 197 2338 —
209 2311 324 2361 Apostolus
336 2315 470 2359 memoratur,
485 2313 516 2350 10.

51 2370 152 2408 lohannes
164 2369 188 2407 de
201 2370 326 2416 Burgundio.
340 2391 364 2398 -
376 2370 491 2408 Monachus
508 2371 652 2409 conventualis
665 2371 687 2408 in
701 2383 771 2409 mona·

123 2430 186 2466 sterio
199 2429 299 2468 Patauino
307 2430 331 2468 S.
346 2431 450 2479 Justinae,
464 2432 494 2467 46.
613 2436 615 2438 ’

44 2488 151 2527 ⁴Jolranues
163 2488 187 2526 de
200 2489 282 2527 Gasolls.
291 2509 316 2518 -
324 2489 441 2527 Canonicus
449 2489 561 2526 Arretinae
570 2492 591 2526 et
598 2488 690 2527 vicarius
700 2489 770 2528 domni

123 2546 178 2595 Bosi,
193 2548 222 2584 73.

49 2607 150 2645 iohannes
163 2606 230 2656 (dole).
245 2607 401 2654 -Perusinus,
415 2608 514 2656 magister
526 2607 655 2645 novitiorum
668 2607 690 2644 in
699 2619 769 2646 mona-

120 2666 184 2703 sterio
198 2667 327 2715 Oontoneusi,
342 2668 372 2716 40,
386 2667 415 2704 el.
485 2671 487 2674 ’

48 2726 150 2764 iohannes
163 2724 187 2763 de
201 2725 283 2764 Murena
297 2727 357 2766 Noua.
367 2749 388 2753 —
396 2725 566 2774 camaldulensis,
584 2725 657 2762 doctor
670 2724 693 2763 iu
701 2726 768 2764 Bono-

121 2783 188 2821 niensi
212 2783 331 2822 studiorum
355 2784 502 2832 universitate,
524 2794 597 2832 xxxvi,
624 2793 677 2833 nun,
703 2795 766 2834 xum,

99 2853 101 2855 ·
120 2852 177 2891 xciv,
192 2843 210 2884 3.
