2060 3342
268 262 294 301 42
509 261 606 301 Antonii
618 262 753 310 Burconem,

770 335 982 346 Q

266 392 324 433 rium
338 402 448 445 magnum,
459 392 515 444 quod
527 403 587 434 nunc
596 392 659 434 extat
668 392 690 434 in
701 391 834 441 Monasterio
848 392 969 445 principaii,
980 397 982 452 i

266 474 324 504 anno
338 463 405 505 tertio
422 463 455 505 sui
470 463 592 506 abbatiatus
603 464 642 518 (1).
656 466 699 507 Iste
718 463 759 505 iuit
777 463 892 516 religiosus
906 464 929 506 et
943 468 983 518 spi-

265 534 359 584 ritualis,
373 535 425 577 licet
437 546 515 588 parum
530 535 648 578 litteratus.

584 696 662 737 XVII.

167 838 219 868 XV„
292 814 392 856 Decimus
407 813 511 867 septimus
526 814 591 855 abbas
600 813 643 855 fuit
652 813 722 855 irater
732 813 831 866 Ypolitus
841 814 866 855 de
877 815 968 857 MedioIa
979 817 981 872 i

147 887 238 924 nyppums
265 897 300 935 no,
315 886 337 928 et
351 886 439 927 duravit
453 885 516 926 annis
531 885 602 926 tribus
612 884 651 938 (2).
665 885 706 926 Hic
720 885 835 938 complevit
849 897 902 937 opus
916 887 984 929 reiec-

156 934 227 964 naau.
303 957 315 965 ..
745 954 750 959 „
952 959 956 967 .

167 982 218 1011 „mis
265 957 317 998 torn
328 956 331 1012 1
343 958 399 1009 quod
413 968 452 1009 per
465 957 641 1009 predecessorem
651 968 715 998 suum
725 957 812 1009 ceptum
825 956 904 998 iuerat.
914 959 982 1002 Huius

146 1028 239 1067 039⁰·1393t
264 1029 363 1081 tempore
381 1029 481 1070 habitum
500 1030 533 1070 est
548 1028 551 1084 i
565 1029 725 1070 monasterium
742 1028 816 1070 Sancti
834 1030 940 1070 Jeronimi
958 1032 983 1073 de

264 1103 342 1150 Janua,
352 1111 409 1141 anno
419 1100 489 1153 primo
500 1100 553 1143 1390
563 1098 602 1154 (3).
618 1102 682 1141 Antio
696 1100 769 1142 autem
780 1098 783 1154 i
794 1101 888 1142 secundo
902 1100 982 1144 factum

257 1171 307 1222 tuit
320 1171 443 1224 Capitulum
462 1172 566 1224 generale
580 1172 602 1212 in
617 1172 754 1214 monasterio
764 1171 838 1214 Sancti
856 1173 981 1229 Benediciit

264 1244 289 1284 da
302 1243 404 1291 Pistorio³
419 1244 509 1296 propter
523 1254 617 1296 guerras
632 1255 674 1296 que
687 1244 711 1284 in
726 1243 839 1285 territorio
853 1244 982 1296 etpartibus

263 1317 369 1356 Senarum
382 1314 384 1369 i
395 1314 518 1368 vigebant(
533 1315 548 1368 ),
560 1316 586 1355 ut
601 1316 724 1356 ordirmtum
739 1315 773 1356 est
787 1316 813 1357 de
826 1316 981 1359 reformatione

287 1487 313 1533 (1)
326 1486 357 1523 Of.
373 1487 397 1523 G.
412 1486 510 1533 Triones,
528 1485 629 1532 L’Atoape
646 1488 668 1523 ue
685 1486 908 1533 Morti-OlivetMujeur,
927 1487 979 1536 1898,

262 1559 281 1595 p.
297 1547 337 1583 lia.

286 1605 313 1655 (2)
326 1606 410 1661 Amat.
425 1605 474 1642 maii
494 1605 541 1642 1390
558 1605 583 1641 ad
601 1602 649 1642 Kal.
664 1605 728 1642 maias
747 1605 801 1642 1393.
815 1605 846 1642 Cf.
861 1606 937 1653 Tenui,
951 1619 980 1654 op.

262 1667 301 1712 cit,
314 1678 334 1713 p.
346 1661 378 1703 ΒΟ.

287 1725 312 1773 (3)
326 1725 357 1762 Of.
370 1725 529 1772 Lanonnncrrr,
544 1735 573 1771 op.
588 1725 628 1772 cit,
642 1723 732 1772 11,2171;
747 1725 865 1761 rumina.
880 1725 939 1772 Tan,
952 1726 979 1774 Ii,

262 1798 294 1822 an.
309 1785 363 1833 1390,
377 1797 396 1832 p.
410 1785 447 1821 26’.

285 1845 316 1881 De
329 1845 454 1881 monasterio
468 1844 574 1881 Ganuensi
586 1844 636 1881 haec
650 1844 764 1881 traduntur
773 1843 796 1880 in
805 1843 876 1881 Otroia.
890 1845 980 1883 nanceii:

261 1918 272 1942 r
285 1905 355 1941 Huius
368 1903 456 1940 Abbatis
469 1907 568 1951 tempore,
581 1904 707 1941 reverendus
717 1903 805 1940 domnus
815 1903 934 1952 Alphonsus
943 1905 979 1942 (ie-

261 1964 347 2001 nuensis
360 1963 455 2000 Antiates
471 1963 621 2000 monasterium
638 1963 660 2000 in
676 1962 775 1999 honorem
791 1965 812 1999 et
827 1963 866 2000 sub
879 1963 979 2005 vocabulo

262 2023 328 2061 sancti
340 2022 465 2071 Hieronymi
477 2021 575 2070 doctoris,
589 2023 611 2059 in
623 2022 675 2060 vilia
687 2022 768 2071 Quarti,
781 2022 872 2060 eiusdem
881 2021 979 2069 dioecesis,

262 2097 273 2120 a
283 2083 327 2120 solo
339 2095 351 2119 a
361 2095 383 2119 se
394 2086 539 2120 constructum
550 2081 705 2129 congregationi
714 2085 797 2119 nostrae
805 2082 898 2129 offerens,
906 2082 980 2120 ibidem

261 2142 339 2190 requiei
353 2154 403 2179 suae
416 2142 493 2178 statuit
505 2142 641 2189 sepulturam.
656 2154 673 2177 >).
688 2141 733 2178 rot
747 2141 782 2178 20³.

296 2202 366 2238 Huius
379 2201 500 2238 monasterii
509 2200 619 2238 historiam
629 2200 709 2238 erudite
719 2200 842 2249 conscripsit
852 2201 876 2239 ci.
883 2201 980 2239 Sacerdos

261 2261 398 2298 Camniiensis
411 2261 436 2297 D.
451 2260 550 2298 Nicotaus
563 2259 727 2308 Schiappacasse‚
738 2271 804 2308 nuper
814 2259 873 2297 nobis
884 2264 978 2309 ereptus,

260 2321 295 2358 sed
309 2320 365 2368 typis
378 2320 471 2357 nondum
483 2320 601 2357 mundatam
614 2331 657 2357 esse
670 2319 732 2356 dotet.

284 2379 310 2427 (4)
324 2379 355 2417 Of.
369 2380 456 2418 Anactes
469 2380 561 2416 Seueases
574 2378 596 2416 in
609 2379 734 2426 Munnronr,
749 2379 774 2415 a.
787 2379 806 2416 I.
820 2379 850 2426 8.,
864 2378 922 2427 ΧΙΧ,
936 2379 979 2415 303·
1006 2417 1007 2420 ,

260 2438 395 2476 397.·Audias
413 2450 465 2486 qirae
482 2439 613 2487 synchronus
630 2437 695 2476 tradit
710 2438 798 2487 scriptor
815 2438 846 2487 (in
860 2440 978 2475 Fnirrnmn.

260 2499 320 2547 Tura,
331 2499 360 2545 II,
375 2511 407 2535 an.
421 2498 475 2546 1391,
489 2510 508 2547 p.
522 2499 559 2545 27),
574 2499 598 2535 de
615 2497 671 2534 hisce
688 2497 763 2535 rebus:
778 2509 862 2546 «qiium
875 2509 901 2535 ex
913 2498 979 2535 forma

260 2558 438 2595 constitutionum
452 2561 573 2595 nostrarum
588 2551 709 2605 'Capitulum'
725 2558 821 2605 generale
836 2561 932 2595 nostrum
945 2570 978 2594 an-

259 2618 341 2655 nuatim
351 2618 412 2655 debet
425 2617 525 2655 celebrari
537 2617 558 2654 in
572 2620 643 2654 nostro
652 2616 762 2666 principaii
770 2617 896 2655 Monasterio
905 2618 978 2655 Sancte

259 2677 324 2714 Mario
336 2677 414 2714 Montis
428 2676 512 2722 Oliveti,
526 2677 562 2715 sed
574 2679 658 2725 propter
675 2677 834 2714 cii-criminantis
850 2689 906 2715 nnnc
919 2689 979 2725 guer-

260 2749 332 2774 rarum
344 2737 444 2785 pericuia,
458 2749 500 2774 non
513 2736 541 2774 sit
553 2736 621 2774 habile
635 2748 672 2773 nec
685 2739 762 2784 tutum,
779 2736 802 2774 in
814 2737 869 2774 dicto
882 2737 927 2773 ioco
937 2737 978 2773 dic-

260 2800 305 2833 tum
318 2796 438 2844 Capitulum
456 2796 567 2834 celebrari:
582 2797 627 2834 ideo
637 2808 678 2833 non
692 2796 807 2844 derogando
815 2796 860 2845 juri
872 2795 923 2834 dicti
935 2796 977 2832 Mo·

259 2855 345 2893 nasterii
358 2859 379 2893 ct
394 2855 460 2904 ipsius
476 2856 573 2904 fratrum,
591 2855 683 2907 0apituii
700 2859 721 2893 et
738 2856 863 2905 Conventus,
879 2867 904 2892 ex
917 2854 976 2893 dictis
