2060 3342
362 217 489 273 Appellatio„
564 216 571 219 ”
753 220 778 260 71

64 356 181 388 recurrere
194 347 308 399 ipsumque
322 345 396 398 petere
410 347 542 397 confirmari,
557 349 579 390 et
592 350 779 392 confirmationem

64 418 162 469 recipere
171 418 198 459 ab
208 419 288 469 eodem,
299 428 393 460 necnon
404 419 533 460 renuntiare
543 420 666 470 abbatiatui,
676 421 779 474 regimini

64 500 89 530 ac
107 489 177 531 officio
195 490 316 532 abbatiatus
335 489 463 531 monasterii
481 501 547 542 supra
566 491 624 541 dicti,
642 493 706 543 prout
727 492 779 544 ipsis

64 560 162 613 placebit,
177 562 199 603 et
213 562 332 604 secundum
346 562 403 614 qnod
417 561 553 614 providerint
567 563 675 614 agendum
689 574 742 605 esse.
752 564 780 603 Et

64 632 89 673 ut
98 633 204 684 premissa
212 634 309 682 liberius,
319 633 427 675 comodius
438 632 486 674 lieri
495 633 589 682 valeant,
600 644 638 685 pro
648 634 780 675 monasterio

64 704 188 755 supradicto
202 705 224 746 et
237 704 343 746 ‘fratribus
352 705 388 758 qui
399 716 438 756 pro
447 706 552 756 tempore·
559 704 589 745 ibi
603 705 675 752 erunt,
685 705 780 746 commit-

64 775 130 815 timus
143 776 233 827 prelatis
249 776 340 817 Aretine
354 776 451 824 diocesis,
465 787 478 816 a
491 776 569 829 quibus
583 776 666 818 luerint
680 776 780 817 abbatum

65 845 156 897 predicti
163 846 204 888 loci
212 846 279 899 petite
289 847 471 896 confirmationes,
480 858 518 888 seu
527 847 708 895 renuntiationes,
716 857 781 898 super

64 917 160 968 ipsorum
178 918 280 959 abbatum
297 919 495 960 renuntiationibus
510 919 620 968 iaciendis,
634 918 781 974 confirmatio·

64 988 127 1029 nibus
137 988 284 1041 impendendis
292 989 314 1031 et
323 990 403 1031 ceteris
413 1001 478 1042 super
487 991 493 1030 i
496 999 584 1042 psarum
591 990 780 1032 confirmationum

64 1059 158 1112 negotiis
175 1061 294 1113 oportunis,
304 1061 401 1112 plenarie
411 1062 470 1103 vices
480 1062 567 1103 nostras
577 1061 741 1110 constituentes,
751 1072 780 1102 ex

63 1142 123 1172 nunc
136 1132 184 1172 illos
198 1132 292 1184 prelatos
307 1132 428 1185 prescripte
442 1133 538 1183 diocesis,
548 1133 573 1174 ad
585 1144 638 1186 quos
648 1132 780 1175 accesserint

64 1203 185 1243 conventus
199 1204 251 1247 dicti
264 1203 312 1253 loci,
326 1215 365 1255 pro
379 1204 489 1256 predictis,
499 1204 586 1246 nostros
600 1205 695 1246 vicarios
710 1206 732 1245 et
746 1214 780 1244 or·

64 1273 159 1315 dinarios
169 1275 195 1315 ad
205 1275 316 1326 premissa,
327 1275 348 1316 et
358 1276 417 1316 circa
430 1276 476 1327 ipsa
490 1275 604 1327 oportuna,
618 1276 641 1317 et
654 1276 781 1316 mandamus

64 1344 107 1384 illis
122 1355 226 1397 expresse
236 1345 275 1386 sub
285 1357 346 1396 pena,
357 1357 422 1398 quam
431 1347 559 1388 duxerimus
567 1347 715 1398 infligendam,
725 1346 781 1398 quod

64 1416 91 1456 ad
98 1415 195 1468 ipsorum
202 1417 296 1458 fratrum
304 1417 438 1466 instantiam,
445 1418 551 1469 premissa
558 1418 650 1459 debeant
656 1418 782 1470 adimplere,

64 1497 108 1543 non
123 1487 222 1529 obstante
236 1488 292 1541 quod
306 1488 429 1530 huiusmodi
439 1489 626 1530 confirmationem
636 1489 737 1530 abbatum
747 1499 781 1529 re-

64 1559 227 1601 servaverimus
236 1559 304 1608 nobis‚
314 1560 438 1612 nostrisque
448 1561 616 1608 successoribus,
626 1561 649 1600 in
659 1560 782 1612 privilegio,

65 1630 120 1681 quod
134 1630 196 1671 dictis
211 1632 257 1672 loco
272 1631 294 1671 et
307 1631 413 1672 iratribus
429 1632 558 1672 adduximus
573 1632 739 1673 concedendum.
754 1633 782 1671 Et

64 1701 116 1753 quia
129 1702 275 1753 presensimus
290 1702 346 1754 quod
360 1702 425 1743 abbas
439 1703 462 1744 et
475 1704 596 1744 conventus
610 1702 737 1744 monasterii
747 1714 782 1743 su-

65 1773 157 1823 pradicti
173 1774 300 1825 plerumque
319 1773 461 1825 indigentiam
476 1773 596 1825 patiuntur,
610 1785 654 1815 non
675 1773 781 1815 habentes

64 1838 93 1884 ex
108 1844 246 1885 facultatibus
260 1844 354 1896 propriis
369 1845 427 1886 unde
441 1846 528 1886 comode
538 1845 626 1886 valeant
640 1844 782 1892 substentari,

65 1925 92 1955 ne
111 1914 231 1967 indigentia
246 1915 371 1956 huiusmodi
387 1915 489 1971 retrahat
505 1917 554 1957 illos
570 1928 583 1957 a
599 1917 686 1957 cultura
700 1916 782 1965 divina,

63 1985 88 2025 ut
102 1996 141 2037 per
155 1996 178 2027 se
193 1987 215 2028 et
229 1986 282 2027 alios
296 1987 371 2038 petere
381 1987 403 2028 et
413 1970 457 2038 poii
466 1987 539 2029 iacere
553 1988 652 2036 valeant;
666 1988 688 2029 et
703 1988 781 2035 Abbas,

65 2055 181 2111 nionacihli
200 2046 328 2099 monasterii
346 2058 471 2110 supradicti,
486 2059 586 2111 quotiens
605 2059 627 2100 et
647 2060 731 2111 quando
750 2059 781 2099 eis

65 2128 174 2169 videbitur
188 2129 265 2170 decens
280 2139 335 2177 esse,
349 2129 481 2171 auctoritate
493 2131 634 2182 presentium,
644 2130 781 2182 indulgemus

65 2200 88 2239 et
102 2199 232 2242 elimosinas

91 2272 183 2322 Insuper
190 2271 247 2312 votis
254 2281 330 2311 eorum
340 2271 466 2313 satisfacere
476 2272 593 2324 cupientes,
603 2273 626 2313 in
636 2272 782 2314 celebratione

65 2341 191 2390 officiorum,
207 2353 271 2394 quam
285 2342 359 2384 iacere
375 2354 437 2394 posse
454 2344 532 2385 volunt
545 2344 609 2385 abbas
625 2345 647 2385 et
660 2343 782 2385 conventus

65 2412 192 2453 monasterii
202 2413 311 2462 antedicti,
323 2415 442 2455 secundum
451 2415 518 2455 ritum
527 2417 624 2456 Romane
631 2415 733 2464 Ecclesie,
741 2425 781 2455 nos

64 2482 201 2525 attendentes
215 2484 239 2525 in
253 2485 331 2536 regula
345 2486 402 2525 beati
416 2486 528 2527 Benedicti
542 2486 622 2534 caveri,
637 2487 692 2541 quod
705 2497 782 2527 secun-

65 2554 114 2594 dum
125 2555 131 2594 i
135 2555 193 2606 psius
202 2555 302 2607 regulam
313 2556 387 2597 certus
397 2557 500 2597 servetur
509 2557 561 2597 ordo
570 2557 593 2597 in
603 2557 663 2597 horis
674 2557 696 2598 et
706 2557 782 2598 officiis

65 2626 207 2675 celebrandis,
217 2627 239 2667 et
251 2627 307 2678 quod
318 2627 354 2678 qui
364 2626 441 2667 melius
451 2627 541 2668 sciverit
550 2627 658 2676 ordinare,
668 2628 782 2669 ordinaret

64 2696 158 2737 officium
173 2696 314 2738 monachale:
329 2708 376 2738 cum
391 2698 414 2738 in
428 2700 526 2739 Romana
535 2699 637 2748 Ecclesia,
647 2700 744 2751 perfecte
754 2699 782 2739 sit

64 2768 117 2809 ordo
135 2768 259 2810 celebrandi
278 2768 342 2810 officii
361 2768 497 2818 constitutus,
511 2770 567 2821 quod
582 2771 699 2812 secundum
714 2770 782 2813 ritum
