2060 3342
352 197 472 266 appendia
741 220 767 258 77

52 347 126 389 divina
139 348 276 399 providentia
289 359 344 400 pape
358 346 435 400 quinti,
449 348 546 398 deducto,
560 350 622 401 quod,
634 350 766 401 procurante

53 419 142 471 antiquo
152 419 242 473 humani
251 420 340 472 generis
350 419 443 468 inimico,
453 419 559 468 videlicet,
571 419 573 473 Ι
585 421 636 461 ordo
650 422 766 472 predictus,

52 490 128 532 circha
142 491 235 540 diversa,
245 502 286 544 que
296 492 380 544 agenda
394 490 528 538 incumbunt,
538 502 551 531 a
562 491 691 538 rectitudine
700 493 766 544 prisci

51 563 133 614 rigoris
147 562 169 602 et
182 564 270 614 patrum
284 564 424 615 antiquorum
438 561 596 610 traditionibus,
610 573 635 602 ac
649 565 766 604 eorundem

52 634 175 674 salubribus
185 634 336 684 observantiis,
347 634 480 681 deviaverat,
492 631 494 687 Ι
506 643 548 684 que
557 633 599 673 nisi
610 633 701 674 celerem
712 634 766 674 reci-

51 704 131 757 perent
139 704 274 754 medicinam,
284 706 356 757 posset
365 705 464 757 prefatus
474 705 533 752 ordo,
543 705 598 756 quod
608 704 669 752 absit,
679 705 706 752 ad
715 705 767 746 irre-

51 777 148 828 parabile
162 777 296 828 dispendium
310 776 434 829 perveuire,
448 787 474 817 ac
486 787 526 828 pro
535 776 597 827 parte
610 776 692 825 vestra,
701 787 766 817 vene-

51 847 126 888 rabilis
137 848 200 899 pater
209 849 280 896 abbas,
291 848 313 888 et
322 848 477 889 nonnullorum
489 846 491 901 Ι
503 849 613 888 seniorum
623 847 674 888 dicti
684 847 766 888 ordinis

50 918 151 967 fratrum,
161 919 231 960 eidem
240 909 318 960 domno
328 920 403 960 nostro
412 919 526 960 humiliter
535 919 661 971 supplicato,
671 919 695 959 ut
704 918 765 959 vobis

50 991 72 1030 et
85 991 154 1031 eidem
165 991 235 1031 ordini
245 991 363 1042 superbiis
378 991 485 1042 oportune
499 991 613 1042 providere
628 991 654 1031 de
667 990 765 1042 benigni-

50 1061 96 1103 tate
104 1062 223 1116 apostolica
232 1063 367 1115 dignaretur.
376 1063 434 1103 Ideni
444 1064 534 1103 domnus
544 1062 619 1103 noster
630 1060 632 1115 Ι
643 1073 705 1114 papa,
714 1062 765 1102 vive

49 1134 109 1174 vocis
123 1134 217 1183 oraculo,
227 1134 288 1175 nobis
302 1135 448 1175 cardinalibus
462 1134 598 1185 supradictis,
613 1135 682 1185 quoad
696 1133 764 1174 vitam

49 1204 176 1246 duxerimus
191 1206 213 1246 in
222 1205 331 1255 humanis,
342 1206 488 1246 ministerium
502 1205 663 1245 reformationis
673 1204 764 1256 predicti

50 1277 138 1324 ordinis,
153 1288 202 1317 cum
216 1278 280 1328 plena
298 1277 411 1328 potestate,
426 1288 467 1329 que
486 1277 512 1317 ad
524 1274 526 1329 Ι
538 1276 699 1324 reformatores,
713 1275 765 1316 visi-

49 1348 138 1395 tatores,
152 1349 175 1389 et
189 1349 325 1389 correctores
339 1348 435 1389 eiusdem
445 1347 533 1395 ordinis,
542 1359 569 1388 ac
577 1348 674 1388 locorum
685 1347 707 1388 et
716 1358 764 1398 per-

49 1430 152 1459 sonarum
161 1419 235 1470 ipsius,
245 1419 289 1460 tam
303 1419 327 1460 in
341 1419 418 1470 capite,
428 1430 493 1471 quam
507 1419 530 1458 in
544 1419 652 1466 membris,
662 1430 702 1470 pro
711 1418 765 1458 tem-

49 1498 100 1542 pore
115 1491 191 1542 potest,
206 1502 244 1532 seu
259 1491 322 1532 debet
336 1490 493 1542 quomodolibet
512 1490 630 1541 pertinere.
642 1488 644 1543 Ι
655 1489 765 1532 Commisit

49 1573 75 1602 ac
89 1562 199 1603 mandavit
214 1564 238 1602 ut
251 1562 327 1603 circha
341 1573 425 1614 eaque
439 1563 466 1602 ad
479 1571 575 1613 presens,
590 1561 612 1602 et
626 1561 648 1601 in
659 1562 764 1608 futurum,

47 1634 104 1674 idem
119 1634 171 1674 ordo
184 1635 259 1675 vester
273 1634 296 1673 in
310 1633 466 1685 spiritualibus,
480 1633 502 1673 et
515 1633 677 1684 temporalibus,
687 1632 763 1673 ettam

48 1705 162 1756 incapite,
173 1717 237 1756 quam
247 1706 270 1745 in
280 1706 388 1752 membris,
399 1704 520 1744 huiusmodi
532 1704 701 1753 reformationis,
712 1702 714 1757 Ι
726 1704 764 1743 aut

48 1776 190 1817 correctionis
211 1777 286 1822 officio,
305 1787 344 1827 pro
364 1776 463 1827 tempore
481 1775 595 1826 indigeret,
615 1775 719 1822 statuere,
741 1775 764 1814 et

47 1848 148 1888 ordinare
162 1859 188 1888 ac
201 1848 329 1895 reformare,
339 1848 361 1888 et
370 1847 482 1899 corrigere
495 1857 629 1888 curaremus.
640 1846 683 1887 Nos
694 1846 763 1898 igitur

47 1920 169 1960 cardinales
183 1919 269 1970 prefati,
278 1919 377 1960 volentes
386 1919 497 1968 vcommissi
509 1917 512 1972 Ι
523 1929 587 1959 onem
601 1917 623 1958 et
637 1917 762 1958 mandatum

47 1991 171 2031 huiusmodi
180 1990 310 2032 reverenter
320 1991 406 2042 exequi,
416 1991 441 2031 ut
449 1991 557 2038 tenemur,
567 2000 605 2030 vos
615 1989 763 2030 venerabilem

46 2062 131 2114 patrem
145 2062 244 2103 abbatem
258 2073 284 2102 ae
297 2062 414 2117 nonnullos
428 2062 487 2102 viros
497 2061 610 2113 religiosos
624 2060 716 2112 predicti
725 2071 760 2101 or·

46 2134 108 2182 dinis,
123 2134 168 2174 vite
182 2133 295 2174 laudabilis
309 2132 446 2185 providentia
457 2132 459 2187 Ι
471 2132 493 2173 et
507 2132 637 2173 discretione
653 2131 760 2183 vigentes,

47 2205 72 2245 ad
91 2216 131 2246 nos
149 2205 308 2252 advocavimus,
323 2216 348 2245 ac
365 2205 409 2244 tam
428 2216 467 2256 per
485 2204 588 2252 vestram,
608 2214 634 2244 ac
654 2203 761 2244 dictorum

45 2276 198 2328 religiosorum
211 2276 395 2324 informationem,
410 2287 474 2327 quam
488 2275 553 2316 etiam
570 2275 630 2322 alias,
640 2275 666 2316 de
675 2274 723 2315 ¹hiis
738 2275 760 2314 in

46 2347 123 2399 quibus
137 2347 190 2388 ordo
208 2347 306 2399 prefatus
323 2348 350 2388 ad
364 2358 454 2399 presens
468 2347 561 2388 correcti
573 2345 576 2400 Ι
588 2356 635 2393 one,
649 2357 674 2387 ac
691 2346 762 2387 refor-

46 2419 141 2459 matione
156 2418 255 2470 indigere
271 2420 409 2466 noscebatur,
419 2416 504 2470 plenius
520 2417 638 2464 informati,
655 2417 761 2458 nonnulla

45 2489 128 2530 statuta
142 2491 167 2530 ed
182 2490 335 2538 ordinationes,
345 2501 385 2541 per
399 2500 437 2530 vos
447 2491 469 2530 et
478 2498 613 2530 successores
627 2488 713 2529 vestros
727 2489 761 2528 in-

45 2572 149 2602 concusse
164 2561 274 2613 perpetuis
288 2561 368 2602 futuris
382 2561 515 2612 temporibus
527 2558 529 2613 Ι
540 2559 681 2608 observanda,
695 2559 761 2600 edidi-

46 2644 99 2681 mus,
114 2632 136 2673 et
150 2632 184 2672 die
198 2632 248 2673 data
262 2633 284 2673 et
297 2633 343 2674 loco
357 2632 509 2683 infrascriptis,
527 2631 691 2683 publicavimus,
708 2641 760 2683 quo-

46 2715 96 2744 rum
109 2704 203 2751 tenores,
217 2704 298 2744 formas
313 2704 431 2754 continent,
446 2714 488 2755 que
502 2703 630 2754 sequuntur.

72 2775 192 2816 statuimus
206 2776 228 2815 et
241 2775 372 2823 ordinamus,
382 2785 421 2826 pro
433 2774 589 2815 reformatione
598 2772 600 2828 Ι
609 2774 691 2815 ordinis
700 2775 760 2815 Mon-

117 2876 294 2917 Srioiune.lllourou1v.
305 2902 322 2909 -
332 2887 367 2915 Vol.
377 2887 389 2916 I.
565 2884 567 2887 ’
680 2890 689 2917 9
