2060 3342
254 264 287 295 xx
556 255 674 298 Praefatio

253 384 338 443 pariter
362 403 372 422 «
388 383 535 430 Olivetanum
552 405 561 425 »
585 386 662 430 eodem
680 388 787 443 tempore,
804 384 898 430 sollicite
916 400 973 429 com·

194 487 195 492 =
253 477 335 520 ponere
350 463 568 522 praescripsere(l);
596 483 605 501 «
622 463 783 507 Ohroniccrum
799 483 809 501 »
833 462 929 520 denique
947 462 973 505 li·
1026 509 1029 524 Ξ

253 540 305 584 bros
321 556 334 584 a
349 541 459 584 monacho
484 540 629 596 Cancellarm,
654 541 780 584 declinante
806 540 892 584 saeculo
915 540 971 596 XV,
1026 530 1029 582 J]

254 618 349 662 describi
371 617 523 677 feceruntffl)
540 618 602 678 Quae
623 619 699 662 emnia
719 618 845 663 maximum
865 618 973 661 historiae

255 767 312 805 milia
325 767 365 804 sibi
378 768 483 815 assignata
494 779 531 815 per
544 779 571 813 se,
586 767 700 804 secundum
714 766 804 803 ordinem
815 769 835 801 et
843 765 972 813 prioritatem
1026 790 1030 810 ,

254 827 354 874 locorum,
369 840 393 864 ao
405 827 489 864 nomina
505 831 600 863 veterum
617 826 711 874 priorum
727 824 854 863 familiarum
868 828 889 862 et
902 825 973 864 offitia·
1028 851 1030 855 .

254 886 308 923 lium
321 886 433 923 eorundem
448 886 582 934 dampnando,
593 897 641 922 cum
650 885 760 932 eliguntur
772 885 828 930 novi,
843 885 973 933 quemadmo-
1026 883 1029 900 ÷

256 946 303 982 dum
317 946 339 982 in
351 947 429 983 nestris
442 946 629 983 constitutionibus
642 944 741 982 seriosius
754 944 880 982 continetur.
892 946 973 995 ,Factus

255 1010 287 1042 est
300 1009 370 1041 autem
383 1006 436 1042 liber
452 1005 491 1042 iste
505 1009 526 1041 et
538 1005 675 1053 principiatus
693 1016 746 1041 anno
764 1005 847 1041 Domini
863 1004 973 1041 millesimo

256 1064 311 1101 0000
324 1064 453 1101 usurum
465 1064 579 1102 indictione
593 1064 636 1115 [Hb
647 1068 739 1112 tempore
748 1064 872 1101 venerabilis
885 1064 907 1101 in
916 1064 973 1100 Chri-

255 1127 287 1160 sto
300 1124 365 1172 patris
380 1127 400 1160 ct
414 1123 484 1161 domni
493 1124 562 1161 domni
576 1124 654 1161 Mathai
667 1123 756 1160 Landini
765 1123 788 1159 de
797 1123 860 1161 Prato
873 1123 974 1172 generalis
1027 1143 1029 1145 ·

255 1183 335 1220 abbatis
347 1183 455 1230 religionis
468 1186 558 1220 nestrae.

279 1242 406 1291 «incipiunt
419 1243 502 1280 nomina
516 1243 610 1280 omnium
622 1244 716 1291 priorum
730 1244 902 1281 monasteriorum
911 1246 973 1292 atque

254 1303 349 1340 locorum
362 1303 477 1351 Religionis
491 1304 577 1340 Sanctae
590 1304 667 1340 Mariae
681 1303 757 1339 Mentis
767 1303 850 1350 Oliveti,
861 1315 973 1351 eorumque
1028 1303 1029 1307 ’

256 1363 373 1400 offitialium
386 1367 407 1399 et
421 1363 592 1400 conventualium
604 1363 694 1400 fratrum
707 1364 846 1401 subditorum.
861 1364 901 1407 Qui
909 1365 932 1401 in
942 1376 973 1401 oa·
1029 1354 1030 1395 l

255 1423 323 1470 pitulo
335 1423 428 1470 generali
444 1422 534 1459 ordinati
547 1423 641 1469 fuerunt,
652 1425 743 1470 tempore
752 1423 876 1460 venerabilis
886 1424 907 1460 in
917 1424 974 1460 Chri·
1029 1414 1030 1417 Ἰ

255 1486 288 1518 ste
301 1485 366 1530 patris
380 1485 400 1519 et
413 1482 483 1519 dornni
495 1483 564 1519 domni
577 1481 655 1518 Mathei
669 1482 771 1529 quendam
780 1483 869 1520 Laudini
878 1484 901 1520 de
911 1484 973 1520 Pratc
1029 1502 1030 1505 =

254 1541 357 1588 generalis
371 1541 450 1578 abbatis
470 1544 491 1578 et
510 1540 632 1578 benemeriti
651 1541 772 1577 monasterii
792 1541 877 1578 Sanctae
896 1542 973 1579 lrlariae

255 1600 333 1637 Montis
346 1600 423 1638 Oliveti
435 1600 529 1648 predicti,
540 1604 561 1637 et
571 1601 663 1637 omnium
675 1600 847 1638 monasteriorum
857 1601 896 1638 sibi
904 1603 974 1638 imme-

256 1660 310 1697 diate
323 1659 472 1696 subiectorum.
488 1660 548 1703 Quod
561 1660 644 1707 quidem
658 1661 773 1707 capitulum
787 1661 914 1698 celebratum
931 1662 974 1698 fuit

256 1720 278 1756 iu
287 1719 342 1755 dicto
349 1719 459 1767 principali
466 1719 591 1757 monasterio
600 1719 677 1756 Montis
685 1718 761 1756 Oliveti
768 1720 861 1768 predicti,
871 1722 909 1757 sub
919 1734 972 1758 anuo

255 1778 407 1816 incarnationis
421 1778 540 1816 Dominio-ac
554 1778 663 1816 millesimo
682 1778 860 1816 ΟΟΟΒΧΧἮΠΙο
876 1780 985 1817 Iudictic·¹

255 1852 281 1876 ne
296 1839 338 1889 [le
353 1838 426 1885 diebus
439 1838 512 1886 primo,
526 1839 623 1884 secundo,
637 1839 680 1875 ΠΡ
689 1842 709 1875 ct
718 1839 771 1875 11110
783 1840 859 1877 mensis
872 1840 927 1887 maii,
940 1841 972 1877 ab·

256 1899 348 1936 batiatus
361 1898 395 1935 sui
408 1907 461 1935 anno
474 1899 571 1936 secundo.
588 1912 597 1934 »

280 1960 304 2005 (1)
318 1959 348 1994 De
361 1969 402 2005 que
417 1958 578 2006 «Necrciegio»
592 1958 642 1995 haec
651 1958 715 1995 tradit
724 1964 795 1995 noster
807 1959 971 1997 Bcnhavertius:

256 2032 266 2055 «
280 2018 319 2055 Nel
332 2017 480 2065 quindicesimc
494 2030 546 2054 anno
562 2017 598 2068 [det
610 2030 643 2054 suo
662 2018 758 2053 stercutio
771 2018 839 2066 (1337),
857 2019 873 2054 u
888 2019 912 2056 B.
926 2020 974 2055 Ber-

255 2077 324 2127 aardo]
338 2078 383 2115 fece
396 2078 440 2114 fare
455 2089 483 2114 un
496 2078 550 2114 altro
563 2077 623 2126 libro,
638 2078 673 2114 nel
686 2078 747 2125 quale
760 2077 779 2115 si
791 2078 886 2116 scriveno
899 2080 907 2116 i
918 2080 975 2116 nomi

256 2137 276 2174 di
289 2137 343 2174 tutti
354 2136 385 2184 gli
398 2137 460 2173 morti
473 2137 497 2173 de
509 2137 530 2172 la
543 2141 614 2173 nostra
627 2137 743 2184 Religione,
758 2138 821 2174 efece
830 2150 859 2175 un
870 2138 904 2175 bel
917 2151 975 2186 proe-

256 2195 296 2232 mio
309 2196 379 2232 inanzi
392 2208 403 2232 a
416 2196 473 2232 detto
486 2195 547 2243 libro,
562 2195 669 2233 esortando
683 2195 715 2242 gli
724 2195 804 2234 fratelli
813 2196 902 2235 adesset·
914 2198 975 2235 solle-

256 2255 291 2291 citi
305 2267 317 2290 a
330 2254 345 2291 li
358 2253 463 2301 spirituali
472 2254 572 2302 suffr-aggi
581 2267 617 2302 per
625 2254 633 2290 i
642 2254 728 2302 detenti,
738 2266 774 2303 per
783 2256 796 2291 1¹
802 2255 870 2292 anime
878 2256 908 2292 de’
917 2256 974 2304 quali

256 2313 317 2363 (oltra
333 2314 363 2361 gli
382 2313 436 2350 offici
454 2326 464 2350 e
482 2325 547 2351 messe
562 2315 650 2361 solenni,
668 2313 706 2351 che
723 2314 742 2352 si
758 2314 866 2352 celebrano
883 2315 905 2352 in
921 2317 975 2353 tutti

255 2374 286 2421 gli
298 2373 420 2410 Mcnastcrii
433 2373 456 2410 de
472 2374 493 2410 la
506 2373 678 2422 Ocngrregatione]
695 2373 743 2420 ogni
759 2374 869 2412 Sacerdote
885 2375 930 2412 dice
943 2379 974 2412 tre

256 2434 323 2470 Messe
335 2445 371 2480 per
384 2432 533 2480 ciaschedun03
548 2436 580 2469 tre
593 2433 654 2469 officii
666 2432 696 2480 gli
705 2433 813 2471 Ohierioie
826 2435 845 2471 ie
860 2435 972 2484 monache,

257 2507 267 2531 e
281 2497 374 2531 trecento
388 2494 451 2530 Pater
463 2493 536 2541 nostri,
547 2505 557 2530 e
567 2494 619 2530 altre
633 2496 690 2530 tante
703 2493 748 2530 Ave
760 2494 824 2531 Marie
834 2494 864 2542 gli
873 2495 973 2543 conversi,

256 2565 267 2589 e
281 2553 372 2591 comessi.
388 2566 398 2589 ›>
411 2553 569 2602 (Benearnum,
583 2565 613 2600 op.
628 2554 667 2601 cit,
682 2565 701 2601 p.
715 2554 746 2601 43,
759 2554 797 2602 44).

281 2613 340 2657 Quod
353 2614 436 2661 quidem
449 2625 472 2650 eo
487 2625 540 2650 anno
557 2615 663 2650 statutum
679 2613 752 2660 luisse,
770 2615 831 2661 plura
847 2615 933 2661 insuper
945 2617 974 2650 te*

256 2676 340 2709 stant-ur
352 2673 416 2710 huius
429 2686 439 2709 «
450 2672 568 2720 Neorologii
580 2672 685 2709 Olivetani
695 2684 705 2708 »
718 2673 850 2721 exemplaria,
860 2685 912 2720 quae
929 2685 974 2720 pos·

256 2733 352 2779 sitiemus,
366 2733 390 2769 ab
404 2744 457 2769 anno
471 2733 551 2770 scilieet
564 2733 610 2769 1337
624 2732 692 2769 omnia
704 2732 789 2769 initium
802 2733 912 2770 sumentia.

280 2793 305 2838 (2)
319 2791 360 2835 Qut
373 2792 543 2837 «Ohronicorum
555 2792 604 2830 libri
614 2806 631 2840 a,
644 2792 709 2839 vulgo
726 2806 735 2829 «
745 2793 862 2831 Chronicon
870 2793 974 2830 bancalia-

256 2851 317 2888 riaea
330 2851 355 2888 ab
368 2851 428 2889 initio
442 2852 613 2901 Gongregatiouis
627 2851 748 2890 Olivetanae
761 2852 861 2890 disserere
875 2853 899 2890 de
912 2852 974 2891 rebus

256 2911 334 2948 uostris
346 2910 456 2960 incipiunt.
