2060 3342
188 279 190 282 <
232 259 260 321 66
527 261 649 313 Appeteres

232 400 255 431 se
265 390 370 441 dedicant,
378 392 400 434 et
409 402 449 434 sua
458 394 572 445 exponunt
581 393 604 435 et
613 392 719 436 exhibent
728 390 819 433 servitio
826 393 878 433 lesu
885 391 946 434 Ohri-
987 416 990 424 ·
1020 433 1022 436 ,

231 460 272 510 011;
283 459 287 516 Ι
297 461 322 503 01
336 462 359 503 in
373 463 415 505 illis
430 464 461 506 sic
475 465 579 518 expositis
589 465 611 508 et
620 465 704 507 collatis
718 461 864 506 hedificentur
878 464 944 506 eccle«
987 511 988 514 Ἴ
1020 474 1024 513 3

231 532 269 582 sie,
283 533 357 576 divina
371 536 510 578 celebrentur
524 537 628 586 misteria,
642 537 671 588 et
681 537 752 588 ipsum
768 545 847 587 corpus
865 534 945 578 Christi

231 615 270 656 pro
284 605 432 659 redemptione
449 607 541 650 humani
558 608 645 662 generis
659 607 764 649 traditum
782 605 885 658 passioni,
898 617 945 649 ora-

231 675 325 718 tionibus
339 678 445 721 institutis
459 680 483 721 in
494 679 559 722 altari
569 691 609 733 per
622 678 745 721 sacerdotes
756 677 874 719 catholicos
887 689 946 729 ymo-

230 748 296 791 letur.
305 750 362 792 Sane
375 751 518 803 percepimus,
528 751 640 793 Bernarde
654 761 680 791 ac
693 749 786 799 Patritii
801 748 822 790 di
834 747 946 803 11001100-

230 820 277 870 stri,
292 821 348 874 quod
357 821 380 862 in
390 823 491 874 operibus
505 821 603 864 caritatis
617 822 648 863 sic
661 821 768 864 hactenus
782 820 906 869 insudastis,
915 821 946 863 sic

230 892 252 933 in
267 892 386 944 penitentie
399 893 507 946 proposito
517 893 655 935 laudabiliter
664 891 797 945 perstitistis,
807 891 863 944 quod
872 891 945 933 divina

230 964 303 1015 gratia
320 964 455 1014 inflammati,
472 964 561 1017 poderia
578 964 653 1007 vestra
667 964 693 1007 de
706 965 781 1006 Acone
794 961 817 1004 et
830 962 946 1013 Melanino,

197 1044 198 1048 ¹
229 1034 252 1076 in
265 1035 377 1087 presentia
390 1036 466 1077 nostra
476 1036 498 1078 et
507 1036 595 1089 capituli
605 1036 695 1078 ecclesie
705 1034 838 1077 cathedralis
847 1034 946 1084 Aretine,

229 1107 273 1147 Deo
283 1106 406 1148 contulistis
420 1108 442 1149 et
456 1107 544 1160 Virgini
557 1108 658 1160 gloriose,
670 1108 696 1149 ad
711 1107 772 1148 cuius
783 1104 786 1160 1
797 1105 944 1148 reverentiam

229 1177 385 1219 monasterium
395 1179 418 1219 in
427 1180 502 1220 Acone
516 1179 658 1221 construatur
670 1179 709 1220 sub
723 1177 801 1230 regula
810 1177 868 1220 beati
877 1179 945 1219 Bene-

228 1247 278 1291 dicti
290 1248 312 1290 et
321 1249 461 1291 observantia
474 1250 602 1299 monachali,
612 1250 634 1292 et
643 1249 717 1292 divina
726 1250 750 1290 in
758 1249 796 1290 illo
806 1249 944 1290 celebrentur

228 1319 332 1369 misteria,
342 1320 369 1361 ad
378 1320 464 1362 laudem
473 1321 576 1374 ipsorum,
587 1321 709 1364 animarum
718 1320 844 1362 vestrarum
854 1320 876 1361 et
886 1318 943 1361 chri-

228 1391 349 1433 stianorum
364 1392 456 1434 salutem
471 1392 566 1434 fidelium
579 1403 604 1434 ac
613 1393 741 1445 protectum.
751 1391 889 1433 postulantes
904 1390 945 1431 hu-

228 1463 309 1505 militer
322 1463 348 1504 ut
362 1463 468 1517 aliquibus
478 1464 578 1517 discretis
587 1464 642 1506 viris
657 1475 723 1517 super
734 1463 736 1518 1
748 1463 882 1505 dedicatione
896 1473 945 1514 per-

228 1545 331 1576 sonarum
340 1534 465 1576 vestrarum
476 1535 498 1577 01
507 1537 565 1586 00011,
573 1548 637 1590 quam
647 1536 711 1577 hodie
720 1539 764 1578 Deo
774 1535 796 1577 et
805 1535 868 1577 beate
875 1534 944 1576 Marte

228 1606 365 1655 matrimus,
383 1607 422 1647 sub
441 1607 563 1659 prescripta
581 1608 659 1660 regula
677 1606 811 1660 disposuistis
829 1607 902 1647 tacere
921 1601 943 1645 in

227 1676 360 1718 monasterio
370 1677 499 1729 supradicto,
509 1678 532 1719 et
541 1689 607 1731 super
616 1678 767 1720 benedicendis
776 1677 873 1720 restibus
883 1677 945 1718 albis,

228 1759 280 1800 quas
301 1747 389 1800 gestare
410 1748 529 1797 intenditis,
548 1749 570 1791 et
589 1760 654 1801 super
675 1749 789 1791 induendis
810 1749 862 1801 ipsis
880 1747 943 1788 iuxta

227 1830 309 1860 morem
329 1819 416 1860 solitum
435 1819 600 1869 monachorum,
617 1830 702 1862 necnon
714 1819 717 1875 l
728 1830 795 1872 super
812 1820 903 1860 videndo
921 1819 942 1858 in

226 1891 306 1939 Acone,
316 1890 338 1931 et
348 1889 467 1932 ordinando
478 1892 556 1940 locum,
566 1891 644 1932 ibidem
654 1891 800 1933 construendo
810 1889 942 1947 monasterio

226 1961 295 2013 magis
315 1965 395 2014 aptum,
415 1963 437 2003 et
450 1973 517 2020 super
530 1962 640 2014 infigendo
654 1962 677 2003 in
691 1963 728 2004 illo
748 1972 842 2011 crucem,
856 1960 942 2003 benedi-

226 2031 319 2073 ctionem
334 2032 380 2073 0110
394 2032 516 2073 orationem
530 2032 667 2084 proferendo,
681 2044 707 2074 ac
717 2043 756 2084 per
766 2042 805 2073 nos
815 2032 942 2074 benedicen-

225 2102 275 2143 dum
289 2103 381 2155 lapidem
395 2104 524 2155 primarium
538 2104 673 2156 imponendo,
683 2104 744 2145 vices
757 2102 844 2145 nostras
854 2102 942 2144 commi·

219 2173 272 2215 'tere
286 2174 421 2215 deberemus.
430 2176 523 2226 Insuper
537 2185 615 2227 exemp
627 2173 630 2228 l
642 2173 711 2216 tiones
725 2175 793 2226 ipsius
808 2173 942 2221 monasterii,
996 2199 998 2205 ·
1016 2162 1024 2221 ,1

225 2244 247 2284 01
261 2244 305 2285 0110
318 2245 341 2285 in
358 2244 463 2296 petitione
481 2246 557 2286 restra
571 2244 680 2293 contenta,
695 2256 734 2297 per
748 2245 888 2297 privilegium
905 2255 942 2285 no·
1016 2245 1022 2258 ’“

225 2315 302 2364 strum,
316 2316 342 2357 de
356 2326 447 2358 assensu
461 2316 552 2367 Capituli
567 2316 643 2365 nostri,
658 2317 777 2358 concedere
793 2316 941 2369 dignaremur.
984 2341 991 2352 ι

224 2386 268 2427 Nos
282 2387 356 2428 autem
370 2386 533 2428 considerantes
542 2387 617 2429 vestre
629 2388 709 2428 merita
722 2387 843 2440 probitatis
853 2388 875 2429 et
885 2387 941 2440 quod

224 2466 253 2498 ex
270 2457 387 2499 transactis
408 2458 510 2510 operibus
529 2458 593 2511 digne
612 2447 680 2499 laudis
700 2458 796 2510 insignia
817 2458 942 2511 reportatis,

223 2527 384 2570 considerantes
397 2529 471 2578 etiam,
485 2529 541 2581 quod
556 2541 585 2570 ex
599 2528 732 2571 dedicatione
744 2528 746 2584 l
757 2529 839 2583 vestra,
858 2530 880 2571 et
894 2540 941 2570 ere-

224 2598 294 2640 ctione
312 2600 438 2641 monasterii
452 2601 561 2652 sepedicti,
575 2601 673 2642 Ecclesia
686 2601 726 2642 Dei
740 2600 861 2650 extollitur,
876 2611 941 2653 auge-

223 2669 282 2710 bitur
296 2670 368 2711 cultus
378 2671 472 2720 divinus,
482 2671 570 2724 ipseque
580 2671 681 2713 Christus
695 2672 772 2713 eteius
782 2673 854 2714 mater
869 2671 941 2713 lauda·

223 2739 288 2790 bitur,
302 2741 482 2793 multiplicabitur
494 2743 518 2783 in
533 2743 633 2792 cordibus
647 2742 670 2783 et
684 2743 772 2796 organis
788 2743 939 2795 plurimorum,

222 2811 348 2861 petitionem
362 2814 460 2855 vestram
474 2825 503 2855 ex
517 2815 579 2856 certa
596 2814 694 2864 scientia,
709 2815 811 2856 duximus
825 2814 938 2856 admitten-
