2060 3342
270 267 295 307 12
511 264 607 306 Antonii
619 265 745 315 Baraeaeia

268 408 310 450 que
324 396 390 437 extra
403 406 477 438 muros
487 395 529 438 sita
540 395 542 452 i
553 397 628 438 manet
638 396 677 451 (1),
692 398 731 438 ilio
740 407 794 439 vero
804 397 902 448 tempore
912 397 985 439 Eccle-

267 469 298 509 sie
312 468 402 520 preerat
415 469 507 510 domnus
523 469 634 511 iohannes
653 482 707 523 papa
725 470 844 522 vigesimus
857 467 860 523 t
871 470 984 512 secundus.

266 539 385 592 Episcopus
392 540 466 582 autem
473 541 600 593 prelibatus,
607 541 649 582 hoc
656 540 789 594 fungebatur
796 540 890 589 nomine,
896 540 985 591 scilicet,

290 718 317 768 (1)
330 718 378 756 Jam
393 718 490 766 superius
503 721 577 756 auctor
589 721 660 756 noster
673 720 744 765 egerat
757 717 781 754 de
794 716 906 755 vestitione
919 717 983 756 trium

219 808 220 811 η
265 778 403 816 fundatorum
415 779 471 816 facta
483 778 507 815 ab
522 778 616 826 episcopo
630 777 716 826 aretino,
727 776 837 825 inquiens:
847 790 858 813 «
867 788 943 825 eosque
952 789 984 815 so-

265 839 363 876 lemniter
376 839 464 875 induens
478 850 500 875 ac
513 849 592 875 sacram
601 838 684 874 tradens
693 837 789 884 regulam
798 849 815 885 »,
825 848 881 874 nunc
890 848 939 875 vero
949 838 982 886 agi

265 899 349 936 videtur
362 898 386 934 de
399 910 470 935 eorum
479 897 567 934 solemni
575 897 708 945 professione.
719 896 776 940 Quae
785 896 847 945 facta,
858 896 876 934 si
885 896 983 935 distincta

264 961 362 995 maneant
374 957 527 1006 intercapedine
540 958 645 1004 temporis,
659 956 795 1004 probabiliter
807 957 895 993 fuerunt
907 956 941 993 vel
953 957 982 994 Io-

264 1029 336 1054 corum
348 1016 458 1065 positione,
473 1016 509 1053 ubi
522 1019 606 1064 peraeta
619 1019 749 1053 enarrantur.
763 1017 815 1053 Nam
823 1016 858 1054 vei
866 1015 951 1053 vestitio
960 1017 982 1054 in

264 1076 378 1113 cathedrali
391 1077 478 1113 ecclesia
490 1075 622 1126 Aretina„ab
636 1076 731 1124 episcopo
744 1076 800 1113 facta
812 1076 867 1124 fuit5
881 1076 981 1123 professio

263 1148 311 1173 vero
324 1135 347 1172 in
360 1136 447 1172 ecelesia
459 1135 491 1173 SS.
503 1135 619 1183 Trinitatis,
630 1135 767 1173 intermunus
776 1134 878 1172 Johannis
887 1135 912 1172 de
921 1135 980 1184 Saxo,

263 1195 409 1243 emittebatur,
427 1196 461 1232 vei
475 1195 576 1242 professio
591 1195 613 1232 in
626 1194 743 1232 Oathedrali
756 1197 776 1233 et
788 1194 872 1232 vestitio
889 1194 911 1231 in
923 1206 982 1232 sacra

262 1254 310 1291 aede
324 1254 440 1291 Trinitatis.
455 1254 488 1291 Ita
496 1257 547 1302 puto
557 1266 600 1291 rem
609 1254 734 1302 soIvendam,
746 1265 804 1303 quae,
815 1257 899 1302 propter
908 1254 979 1291 confu-

262 1314 340 1351 sionem
350 1314 414 1350 unius
427 1314 540 1352 alteriusve
554 1314 651 1361 auctoris,
664 1314 707 1362 jum
720 1314 937 1362 temporeBargensis,
952 1314 980 1350 di·
1006 1356 1007 1360 Ἰ

261 1373 402 1422 sceptabatur.

286 1434 367 1470 Auctor
378 1445 427 1471 vero
443 1433 513 1470 Oinoa.
530 1433 611 1471 Caesarii.
625 1434 664 1470 hoc
677 1433 736 1470 modo
750 1445 793 1470 rem
801 1433 824 1470 in
832 1432 899 1470 medio
908 1432 977 1470 afferte

263 1493 410 1530 «Adveniente
422 1494 532 1542 posthaec
546 1482 616 1541 optata
629 1493 667 1540 die,
682 1505 736 1529 anno
750 1505 761 1529 a
773 1493 875 1530 dominica
883 1492 978 1529 Inoarna-

261 1553 318 1590 tione
330 1552 440 1589 millasimo
453 1552 598 1590 trecentesimo
612 1552 752 1600 decimonono,
767 1552 800 1589 die
812 1551 890 1588 Xer
901 1552 977 1588 mensis

261 1612 338 1659 martii,
353 1625 365 1649 a
377 1613 510 1650 conversione
527 1624 576 1650 vero
592 1623 665 1648 eorum
682 1610 734 1649 anno
748 1614 817 1659 sexto;
836 1615 978 1649 convenerunt

261 1674 286 1709 ad
295 1673 390 1708 ecclesiane
399 1672 530 1719 cathedralem,
540 1683 587 1718 patae
597 1673 651 1707 titulo
659 1672 728 1708 Soracte*
736 1672 824 1707 Martini
827 1672 975 1720 praenominata,

260 1736 316 1768 caetra
328 1745 391 1768 iiiviros
403 1733 489 1768 civitatis
502 1731 595 1767 Aretiaae
608 1733 661 1768 vitoda
668 1733 734 1778 posita
743 1735 782 1768 cst:
791 1734 833 1768 tam
842 1731 976 1769 Revereatur

260 1792 347 1828 domnus
356 1792 464 1840 episcopus
474 1803 521 1828 cum
533 1791 588 1827 omni
601 1791 655 1828 ciero
665 1795 686 1828 et
694 1791 784 1839 piurima
793 1790 866 1839 popuii
879 1791 976 1828 multitu-

259 1851 312 1898 dine,
326 1863 387 1899 quam
401 1851 463 1887 etiam
476 1851 531 1888 servi
540 1851 578 1887 Dei
587 1850 601 1887 J
603 1862 684 1899 oannes,
695 1851 797 1887 Patritius
811 1854 832 1888 et
844 1850 973 1887 Ambrosius.

259 1911 301 1948 Ubi
307 1911 410 1947 celebrata
416 1911 474 1958 prius
483 1910 614 1947 devotissime
622 1910 662 1958 (vai
669 1910 754 1947 decebat
761 1910 871 1947 missarum
880 1910 976 1947 solemni-

259 1974 308 2018 tate,
316 1974 336 2008 et
345 1971 414 2007 oblatu
422 1982 458 2018 pro
467 1970 495 2007 eis
502 1970 580 2007 salutis
589 1973 672 2007 nostrae
681 1970 815 2007 immaculata
824 1970 905 2019 hostia),
915 1981 975 2008 veno-

258 2030 329 2067 rabilis
338 2030 436 2067 Pontifex
444 2041 480 2078 per
489 2041 557 2066 evectans
565 2029 663 2066 caciaredam
672 2030 762 2076 relipa'oei
770 2030 812 2065 oiri
818 2031 884 2065 cionitas·
890 2030 974 2066 Joaaar'r

257 2090 345 2126 aracaeum·
360 2090 454 2126 Astatiae
470 2091 492 2125 ae
504 2090 562 2136 Saia,
577 2089 676 2126 Aretinae
689 2089 782 2136 diocesis,
796 2089 931 2137 purissimum
945 2091 974 2126 in-

258 2150 304 2186 duit
316 2149 419 2196 praefatos
432 2152 501 2196 patres
519 2154 539 2185 et
555 2149 625 2185 album
642 2149 737 2185 habitum
746 2161 762 2185 ›>.
773 2149 818 2186 Tol.
833 2149 856 2196 8⁵,
867 2150 884 2185 9.
898 2170 922 2176 —
934 2149 973 2185 Hic

258 2209 291 2256 agi
304 2209 387 2246 videtur
400 2209 424 2245 de
437 2208 554 2256 vestitione,
569 2212 590 2244 et
602 2208 624 2245 in
637 2208 755 2245 Oathedraii
768 2208 860 2245 ecclesia.
875 2209 973 2245 Attamen

257 2268 326 2305 Abbas
344 2271 364 2304 et
381 2267 494 2305 historicus
511 2270 588 2315 noster,
607 2267 714 2304 Secundus
731 2268 876 2304 Lanceilottus
889 2267 971 2316 (Hister.

259 2328 315 2375 Otia,
329 2340 348 2375 p.
364 2327 393 2375 13,
409 2327 439 2375 14)
452 2338 494 2364 non
506 2327 528 2363 in
540 2338 620 2364 summa
633 2326 681 2364 aede
694 2327 786 2375 Aretina,
797 2326 857 2364 hodie
871 2328 940 2364 excisa
952 2331 973 2365 et

256 2391 316 2424 extra
328 2387 401 2425 urbem
414 2387 536 2435 constituta,
550 2386 614 2423 titulo
628 2387 697 2424 Sancti
710 2387 801 2435 Martini,
812 2387 847 2424 sed
860 2387 882 2424 in
895 2388 971 2435 templo

255 2447 406 2493 fustigatormn
417 2446 449 2482 SS.
460 2446 576 2493 Trinitatis,
586 2446 653 2493 posito
667 2449 726 2482 extra
738 2458 809 2483 muros
822 2446 913 2484 civitatis
922 2448 972 2483 Are-

256 2506 318 2553 tinue,
328 2509 396 2553 patros
405 2510 488 2542 nostros
498 2505 584 2542 candida
593 2508 649 2542 veste
659 2505 765 2543 decoratos
778 2506 842 2543 fuisse
856 2505 969 2553 contendit,

255 2565 385 2612 viriliterque
402 2568 488 2612 pugnat.
503 2566 529 2601 D.
539 2565 628 2601 Micirael
644 2565 697 2611 drag.
711 2565 864 2603 Bonhavertius
878 2566 914 2612 (op.
929 2565 970 2611 eit.)

255 2627 364 2672 utramque
377 2624 503 2661 sententiam
516 2624 626 2661 conciliare
636 2626 729 2672 conatur,
740 2624 776 2662 sed
785 2624 914 2672 argumentis
923 2623 970 2662 nul·

255 2684 296 2720 iius
309 2685 352 2721 fere
365 2684 451 2721 roboris.

279 2743 474 2791 auomodooamquc
487 2756 520 2781 res
529 2755 550 2781 se
559 2744 640 2791 habeat,
650 2746 671 2780 et
679 2743 704 2780 ab
713 2743 834 2781 auctoribus
843 2746 969 2792 pertractata

254 2802 302 2850 pius
318 2803 413 2840 minusue
430 2803 519 2841 viriiiter
535 2804 607 2852 fuerit,
626 2807 706 2841 certum
724 2807 762 2851 est,
780 2816 843 2840 unam
856 2804 968 2842 alteramve

255 2862 397 2899 caeremoniam
410 2863 432 2899 in
444 2862 499 2900 Aede
508 2863 541 2900 SS.
552 2863 660 2900 Trinitatis
669 2867 773 2911 peractam
781 2863 857 2901 irrisae:
868 2863 907 2900 hoo
914 2864 968 2901 enim
