2060 3342
259 241 272 279 4
500 240 596 281 Araloatt
609 242 735 290 Beruenses

258 369 353 412 eiusdem
372 370 454 412 ordinis
469 372 526 414 scire
538 372 540 427 t
551 375 664 416 curarunt.
679 374 742 416 Modo
756 373 829 426 itaque
842 384 856 413 o
870 372 973 414 visitandi

257 441 326 483 officio
335 442 442 493 dimissus,
452 454 599 498 reversusque
608 446 635 487 ad
645 445 700 487 dilee
710 444 713 500 l
725 446 769 487 tam
779 443 916 485 solitudinem
924 454 972 495 pra-

256 512 347 562 tensem,
366 513 405 554 tibi
422 514 514 568 aliisque
528 517 608 565 amicis,
624 528 688 569 quam
703 517 760 558 alma
773 515 849 556 nostra
863 513 972 568 relligio,

256 583 333 625 habuit
354 586 468 638 originem,
487 589 564 641 quisve
582 589 648 630 huius
667 590 749 641 primus
768 587 843 629 extitit
861 586 972 635 inridetur,

256 666 352 709 qtiosque
363 656 366 711 Ι
378 657 398 699 ei
413 654 481 699 socios
495 659 522 700 ad
536 659 592 700 tanti
607 659 708 701 exercitii
718 657 751 712 (e)
767 669 819 710 opars
834 657 971 707 incoandum,
1008 704 1009 707 Ἴ

256 727 330 770 diviua
349 730 482 771 concesserit
497 730 520 770 ai
530 729 532 783 l
544 730 609 778 ilatio,
624 730 727 770 intimare
741 729 872 770 censuimus.
886 728 970 769 Habue-

255 802 309 842 runt
332 802 405 844 autem
426 802 531 855 prelibati,
547 803 590 843 viri
611 802 726 844 mirificam
747 801 884 856 visioluem
905 812 970 854 qtiam

255 873 344 916 minime
353 875 468 916 obmittere
478 876 583 917 volumus.
594 875 672 919 Vestiti
682 886 767 927 quoque
779 873 841 928 sunt!
854 875 902 916 alba
909 874 970 915 indu-

254 946 329 986 menta
342 947 369 986 ab
383 945 475 987 Aretino
488 946 593 997 episeopo,
608 946 659 997 curia
671 947 698 986 ad
708 946 775 997 ipsius
785 946 892 997 dyocesim
903 945 970 997 perti-

253 1015 382 1069 netllocus,
401 1017 424 1056 iu
443 1027 485 1068 qiio
503 1016 597 1067 primum
613 1014 787 1057 construxerunt
806 1015 969 1066 monasterium,

254 1088 278 1128 ut
288 1086 380 1128 interius
391 1086 394 1141 l
405 1087 493 1139 patebit.
504 1088 599 1139 (dirisque
608 1075 645 1128 illo
655 1087 678 1127 in
688 1087 785 1139 tempore
795 1098 891 1132 summus
901 1088 969 1128 eccle-

253 1159 307 1199 siam
320 1160 419 1211 pontifex
432 1159 524 1207 rexerit,
539 1160 561 1201 et
570 1171 583 1200 a
592 1171 634 1212 eruo
642 1159 744 1212 pontifice
754 1160 829 1201 noster
839 1160 891 1201 ordo
901 1160 969 1201 tuerit

153 1241 233 1270 uicimus
252 1230 401 1279 confirmatas,
418 1230 559 1283 scripsimus}
570 1242 595 1272 ae
609 1230 675 1272 etiam
690 1232 791 1283 ruraliter,
805 1242 865 1272 nunc
878 1231 905 1271 ad
920 1241 968 1283 per-

126 1289 203 1337 Afwtm
252 1302 340 1354 petuam
358 1303 391 1345 rei
410 1303 537 1345 memoriam
556 1303 623 1352 vivat,
642 1304 782 1345 ostendimus.
797 1306 876 1345 Omnes
891 1304 968 1355 <suippe

252 1374 379 1426 singillatim
393 1376 489 1416 narrabo
499 1375 592 1424 abbates,
603 1386 671 1427 usque
681 1376 707 1416 ad
717 1376 816 1427 tempora
825 1375 908 1423 nostra,
918 1386 967 1415 cum

251 1447 359 1498 aliquibus
380 1458 456 1488 eorum
477 1446 613 1488 notabilibus.
634 1450 696 1496 Nom,
716 1460 758 1500 clue
779 1448 905 1499 scripsimus
927 1445 966 1500 (l),

251 1519 331 1571 partim
346 1530 374 1561 ex
389 1520 494 1561 archiviis
507 1519 586 1561 montis
598 1519 600 1573 t
612 1520 686 1561 oliveti
701 1520 831 1571 excepimus
846 1519 927 1571 partim
939 1519 966 1559 ab

251 1591 347 1643 antiquis
361 1592 483 1633 audivimas
492 1592 601 1644 patribus:
611 1592 654 1632 alia
664 1602 676 1632 o
687 1590 690 1645 Ι
701 1592 756 1632 culis
766 1590 846 1632 nostris
854 1591 967 1643 perspexi-

250 1675 304 1705 mus.
315 1663 342 1704 Et
352 1665 444 1716 uiridem,
454 1665 472 1704 si
480 1649 526 1705 rita
533 1664 594 1705 nobis
602 1675 673 1705 comes
681 1663 755 1712 tuerit,
763 1674 775 1704 a
784 1662 787 1716 t
796 1664 824 1704 lio
832 1663 855 1703 in
863 1663 919 1703 libro
928 1662 965 1714 (2),

249 1735 315 1784 uiros,
330 1746 383 1786 quos
398 1737 450 1776 ordo
464 1735 540 1776 noster
554 1735 672 1787 vegetavit,
683 1734 834 1776 enarrabimus
844 1733 963 1787 illustrest

249 1806 271 1846 et
282 1806 388 1847 miracula
402 1807 428 1846 ab
442 1807 494 1857 ipsis
506 1806 569 1854 iacta,
580 1807 645 1858 atque
655 1806 728 1854 libros,
738 1816 792 1858 cruos
802 1806 911 1857 sagaciter
921 1805 965 1847 edi-

248 1876 332 1917 derant.
344 1875 347 1929 Ι
359 1877 412 1918 Vale
426 1877 520 1918 feliciter
535 1877 573 1931 (b).

273 1949 372 1998 Emrrltcit
385 1949 477 1998 epistole
490 1951 525 1989 oet
534 1951 645 1998 protenus
662 1947 698 2000 (c).

270 2114 296 2162 (a)
310 2114 369 2150 Text,
382 2113 407 2159 A,
419 2113 446 2148 B:
461 2113 565 2149 exercitiis.
579 2133 602 2141 ’-
615 2113 640 2161 (b)
654 2112 713 2149 Text.
728 2113 754 2149 B:
774 2111 819 2148 Veto
829 2112 921 2160 feliciter,
932 2113 962 2158 fe-

245 2174 307 2209 liciter
319 2174 367 2209 ouic.
381 2193 405 2199 -
418 2173 442 2220 (e)
456 2172 515 2209 Text.
525 2173 649 2219 &Explicit
658 2173 757 2220 proluens.

269 2270 295 2317 (1)
308 2270 363 2305 Bene
375 2268 488 2316 perpendat
500 2268 573 2315 tector,
583 2267 708 2316 quibusnam
718 2280 743 2304 ex
752 2268 854 2316 fontibus,
864 2279 903 2305 sua
911 2267 962 2304 hau·

245 2327 295 2364 sisse
312 2329 366 2364 dieat
381 2328 492 2375 Bergensis
505 2331 582 2375 noster,
597 2328 690 2364 at'rocte
701 2327 796 2375 judicare
809 2328 875 2375 possit
887 2327 962 2374 quanti

245 2385 338 2423 facienda
350 2388 391 2424 sine
404 2399 457 2436 qaae
470 2388 513 2436 ipse
526 2387 548 2423 in
561 2386 627 2424 modio
642 2387 727 2435 profert.

268 2445 297 2493 (2),
303 2445 381 2482 Utrum
391 2451 460 2484 alitem
468 2447 579 2493 Bargousis
587 2447 626 2482 hoo
636 2458 694 2494 opus,
704 2446 748 2483 vita
757 2447 838 2494 comite,
846 2446 959 2493 scripserit,

244 2516 314 2553 necne,
328 2516 366 2541 nos
381 2504 466 2553 penitas
482 2508 540 2544 latet.
555 2506 614 2542 Certe
630 2506 651 2543 in
665 2506 740 2554 codiee,
755 2518 780 2543 ex
796 2505 960 2554 quo<‹0h1·0ni-

244 2575 282 2601 con
295 2577 306 2600 >>
319 2564 490 2612 deprompsimus,
504 2577 546 2603 non
557 2565 667 2602 trahemus.
