2060 3342
226 266 253 306 78
525 262 646 310 Aaronom

224 395 335 445 tisoliveti,
345 395 402 448 quod
415 394 487 437 abbati
501 394 600 447 generali
609 394 710 450 ‘eiusdem
720 391 801 434 ordinis
811 391 846 433 vel
856 390 902 432 eius
912 393 942 433 ri-
1011 446 1023 452 „

224 468 284 509 cario
291 467 397 519 generali,
404 468 442 520 qui
452 469 565 509 consuevit
574 477 622 508 esse
632 465 691 518 prior
701 464 827 517 principalis
837 464 943 506 monaste·
1012 467 1022 517 3³]

224 539 258 588 rii,
269 539 350 586 ordinis
361 539 469 592 prelibati,
479 550 518 591 pro
528 539 626 590 tempore
635 535 786 584 existentibus,
795 535 798 589 Ι
807 534 943 597 associentur

224 622 264 653 sex
277 611 355 663 ydonei
374 611 455 653 fratres
473 610 552 662 prefati
565 609 654 658 ordinis,
669 609 706 660 qui
719 597 845 651 visitatores
859 617 942 653 nuncu·
1016 650 1018 652 ,

222 683 341 735 quantumst
355 683 444 724 valeant
458 681 602 734 personaliter
616 680 713 729 visitare,
724 679 746 721 et
755 679 800 720 sint
809 679 895 732 priores
909 679 942 720 do·

79 773 87 798 ,π
144 805 153 814 „
180 746 181 749 ¹
222 756 308 797 morum
322 766 361 796 seu
375 753 563 800 monasteriorum,
577 752 599 793 in
614 752 691 804 quibus
706 751 732 792 ad
746 749 879 804 pluststent
893 761 941 791 con-

84 817 90 832 s

222 826 357 868 ventualiter
366 825 415 867 octo
424 826 512 874 fratres,
520 835 573 876 quos
584 835 622 876 pro
632 824 675 864 ista
682 824 730 864 vice
739 822 824 863 tantum
834 822 940 873 eligimus,

223 898 245 938 et
254 897 398 944 nominamur,
405 907 432 937 ac
441 895 575 948 deputamus,
582 895 605 936 et
613 895 636 936 in
647 894 771 936 visitatores
780 896 802 936 et
812 894 880 935 socios
890 894 941 935 dicti

221 968 294 1009 abbati
303 968 434 1019 preficimus,
444 978 536 1019 quorum
547 968 635 1008 nomina
646 965 649 1020 Ι
660 967 712 1007 sunt
721 966 769 1014 hec,
779 965 886 1014 videlicet,
896 965 937 1006 tra·

221 1039 256 1081 ter
266 1040 389 1081 Jeronimus
399 1039 426 1081 de
437 1040 534 1087 Perusio,
544 1038 614 1079 frater
628 1026 731 1084 Nicotaus
745 1038 771 1078 de
785 1037 860 1089 Regio,
870 1037 939 1079 irater

220 1110 389 1152 Bartholomeus
403 1111 429 1153 de
443 1110 540 1159 Mantua,
550 1108 620 1151 irater
630 1108 708 1150 Petrus
723 1109 749 1150 de
763 1109 859 1161 Neapoli,
869 1096 939 1151 frater

219 1182 318 1234 Baptista
332 1181 515 1229 de'Podiobonixi,
527 1180 529 1236 t
541 1181 564 1222 et
579 1180 648 1222 frater
662 1180 792 1222 Benedictus
802 1181 828 1222 de
837 1181 938 1232 Yspania.

219 1254 250 1295 De
260 1264 352 1305 quorum
367 1249 457 1294 consilio
467 1254 488 1294 et
499 1253 658 1301 consensuum
669 1253 756 1293 maioris
770 1252 840 1304 partis
854 1262 937 1300 eorum,

218 1336 245 1366 ac
263 1324 376 1366 voluntate
395 1335 506 1377 expressa,
525 1324 629 1365 teneatur
650 1323 720 1365 dictus
738 1324 803 1365 abbas
822 1324 844 1364 et
862 1324 937 1365 debeat

218 1396 327 1445 ordinare,
337 1396 417 1445 iacere,
427 1397 473 1437 sive
484 1394 487 1450 Ι
498 1396 618 1447 disponere,
629 1395 749 1444 absolvere,
759 1395 881 1445 instituere,
891 1395 937 1437 sive

218 1467 351 1519 permutare,
365 1469 411 1508 tam
428 1468 451 1508 in
465 1467 541 1516 totum,
556 1478 620 1520 quam
635 1468 658 1508 in
672 1468 741 1519 parte,
755 1468 826 1508 annis·
838 1467 936 1520 singulis,

217 1539 240 1580 in
250 1539 345 1591 capitulo
355 1539 459 1591 generali,
467 1539 506 1579 aut
516 1539 695 1592 quandocumque
704 1539 852 1580 necessarium
862 1539 936 1587 fuerit,

217 1621 292 1651 omnes
307 1611 329 1651 et
343 1610 439 1661 singulos
453 1610 543 1662 priores,
553 1621 593 1662 pre
604 1609 607 1665 l
618 1611 716 1662 latosque
730 1610 752 1651 et
766 1610 819 1653 alios
834 1610 935 1651 officiales

217 1682 239 1722 et
248 1681 342 1722 familias
356 1681 459 1730 omnium,
469 1681 491 1722 et
501 1682 644 1734 singulorum,
654 1693 680 1722 ac
690 1693 876 1735 quorumcumque
885 1693 935 1723 con-

216 1753 328 1801 ventuum,
343 1753 365 1793 et
379 1752 562 1794 monasteriorum
573 1754 654 1793 ordinis
665 1754 763 1805 predicti,
773 1764 893 1805 corumque
903 1754 935 1794 vi·

216 1824 328 1865 sitationes
343 1825 421 1872 iacere,
437 1825 458 1865 et
473 1824 605 1865 distribuere
621 1823 728 1876 quotiens,
740 1823 742 1879 1
755 1825 776 1866 et
790 1826 935 1877 quandocum-

215 1906 257 1947 que
271 1895 302 1936 eis
320 1896 468 1937 necessarium
486 1896 534 1938 fore
552 1897 667 1944 videbitur,
681 1895 727 1938 tam
740 1897 764 1937 in
780 1896 850 1938 totum
870 1908 933 1949 quam

214 1966 237 2007 in
252 1967 342 2018 partem,
355 1968 503 2009 conventuum
518 1968 540 2009 et
554 1979 697 2020 personarum
712 1968 808 2009 omnium
823 1968 845 2009 et
859 1968 934 2021 singu-

213 2038 284 2079 lorum
302 2049 328 2080 ac
346 2039 419 2083 omnia
433 2039 455 2080 et
469 2040 555 2092 singula
573 2040 654 2081 statum
672 2040 754 2080 ordinis
774 2040 932 2092 quomodolibet

213 2120 292 2150 concer
304 2108 306 2163 l
319 2110 400 2157 nentia,
414 2111 460 2151 tam
474 2111 495 2151 in
511 2112 581 2152 totum
596 2123 660 2164 quam
675 2111 699 2152 in
713 2111 804 2163 partem,
815 2112 836 2152 ct
850 2123 876 2152 ea
890 2123 932 2164 que

213 2182 389 2233 proponerentur
398 2181 422 2223 in
432 2182 526 2234 capitulo
535 2184 640 2234 generali,
651 2182 689 2224 aut
703 2184 757 2224 alias
768 2184 932 2234 quomodocum-
956 2209 957 2213 =

213 2263 255 2304 que
272 2252 393 2301 evenerint,
408 2253 473 2294 simili
492 2254 589 2295 modoet
608 2252 681 2295 forma
696 2254 801 2304 tractare,
820 2257 842 2296 et
861 2255 931 2297 deter·
1013 2248 1016 2257 '

213 2324 305 2372 minare,
319 2335 345 2365 ac
359 2324 430 2366 debite
441 2323 444 2378 Ι
456 2325 580 2366 executioni
595 2326 704 2368 mandare,
821 2325 822 2329 ’

238 2395 300 2443 Item,
313 2406 355 2437 uec
368 2395 442 2437 valeat
455 2397 536 2449 absque
550 2407 657 2438 consensu
671 2398 760 2439 maioris
769 2398 838 2449 partis
848 2399 931 2450 predic-

211 2465 284 2507 torum
305 2477 350 2515 sex,
374 2478 439 2518 super
462 2468 652 2510 constitutionibus
675 2469 757 2511 ordinis
780 2470 866 2522 prefati,
890 2482 930 2512 nec

211 2546 278 2589 super
292 2538 353 2589 panis
367 2539 389 2579 et
403 2539 529 2590 penitentiis
546 2540 681 2591 publicorum
699 2541 834 2591 delictorum,
846 2540 849 2596 t
860 2553 885 2584 ac
901 2543 930 2583 ir-

149 2602 151 2605 ’
210 2609 391 2661 regularitatibus
405 2611 432 2651 et'
441 2610 614 2652 inhabilitatibus
626 2612 680 2660 aliis,
691 2624 739 2654 cum
754 2613 928 2665 delinquentibus

211 2680 343 2732 dispensare.
353 2683 451 2733 Insuper,
461 2693 502 2723 nec
516 2683 572 2724 bona
586 2683 665 2735 prefati
676 2684 764 2732 ordinis,
774 2686 812 2726 aut
826 2686 928 2737 pecunias

210 2750 347 2801 distribuere,
361 2764 402 2795 nec
416 2754 469 2795 alias
483 2754 623 2807 preterquam
633 2755 660 2795 ad
673 2750 775 2810 bursam}
785 2768 927 2804 communem,

210 2832 248 2864 seu
270 2823 344 2865 aedem
365 2835 450 2868 sacram
470 2826 604 2868 clandestine
624 2816 766 2881 congregare.
781 2829 822 2870 Sed
843 2829 866 2869 in
884 2828 927 2869 hiis
