2060 3342
509 237 606 278 Antonia·
619 237 745 295 Barpansc's

607 418 637 458 II.

157 505 248 582 iiiluna
295 541 407 582 Secundus
426 542 491 583 abbas
509 542 551 583 ruit
562 541 565 596 Ι
576 541 646 584 frater
666 540 792 582 Ambrosius
810 541 835 581 de
853 539 921 581 Senis.
939 541 981 582 Iste

139 600 248 677 Ρζᾚζῃ
267 622 324 652 anno
339 612 490 662 unoffduravit,
502 611 505 666 t
516 613 538 655 et
552 613 649 664 sepultus
664 611 697 653 est
715 611 738 651 in
753 609 885 652 monasterio
903 612 981 653 montis

156 694 234 733 (rece-21).
267 682 346 724 Oliveti
357 682 396 736 (1).

603 802 646 840 HI.

196 873 209 901 1.

141 873 249 958 aulient
294 925 381 967 Tertius
396 902 460 967 abbas
475 925 506 967 fui
520 925 590 966 frater
600 926 680 977 symon
690 924 766 965 Thure
780 924 883 974 desento,
894 924 916 967 et
927 925 966 968 iste
977 926 980 982 Ι

141 971 173 998 riuu
178 970 249 999 Senensis

157 1016 233 1054 (mma¹
267 1007 311 1038 uno
325 1007 383 1039 anno
397 996 491 1045 duravit,
505 997 527 1037 et
541 994 639 1048 sepultus
654 995 687 1037 est
702 996 725 1036 in
739 995 813 1037 monte
827 996 911 1037 Oliveto
923 995 961 1050 (2).

267 1161 350 1199 mitorio
365 1164 385 1198 et
398 1161 479 1198 coeteris
492 1160 578 1198 officinis
591 1170 616 1197 ex
629 1161 675 1198 luto
688 1159 777 1209 simplici
790 1164 868 1198 terreos
881 1165 902 1199 et
914 1162 982 1201 luteos

267 1221 355 1270 parietes
369 1221 553 1269 circumponentes.
563 1220 695 1258 Laborabant
704 1223 774 1258 antem
782 1221 870 1269 propriis
879 1222 980 1272 manibus¹

267 1294 303 1330 per
316 1281 384 1318 omnia
391 1280 432 1328 ipsi
440 1281 516 1318 fratres
529 1280 626 1328 operibus
638 1279 789 1317 incumbentes.
840 1280 898 1318 Misit
911 1281 982 1320 deinde

267 1342 355 1378 domnus
369 1340 477 1389 episeopus
493 1339 593 1378 Aretinus
607 1340 632 1377 ad
643 1340 735 1377 Montem
752 1339 829 1377 Oliveti
845 1341 982 1379 venerabilem

248 1391 250 1395 ’
267 1401 337 1438 virum
350 1400 448 1437 domnum
460 1400 595 1448 Restmrum,
609 1399 738 1448 capellanum
751 1399 824 1437 domus
837 1400 946 1438 Trinitatis
959 1402 982 1439 cc

267 1460 346 1508 Aratio,
361 1471 409 1497 cum
422 1459 532 1508 episcopali
545 1459 670 1496 auctoritate
683 1459 708 1496 ad
720 1459 810 1507 primum
823 1460 911 1508 lapidem
923 1461 982 1499 bene·

268 1520 383 1568 dioendum,
399 1520 435 1567 qui
447 1520 469 1556 in
481 1519 622 1556 fundamentis
639 1519 740 1556 secundae
758 1518 855 1556 ecclesiae
867 1523 919 1557 tuno
936 1532 982 1558 con-

268 1579 379 1617 struendae
392 1578 525 1616 collocandus
538 1581 588 1615 erat.
602 1579 633 1615 De
642 1590 683 1626 qua
690 1578 790 1615 nimirum
802 1578 944 1617 benedictione
953 1580 982 1618 in-

268 1643 410 1677 strumentum
418 1637 526 1686 publicum
535 1641 599 1686 extat,
608 1638 719 1686 quodcum
728 1637 809 1675 coeteris
818 1640 982 1687 congregationis

268 1699 333 1746 ipsine
346 1697 461 1745 privilegiis
473 1699 496 1734 iu
508 1697 579 1734 Monte
592 1697 670 1735 Oliveti
682 1700 784 1735 servatur.
794 1697 822 1734 Et
830 1697 860 1735 sic
869 1698 982 1736 seeundum

231 1768 236 1774 ’
269 1757 383 1795 oratorium
395 1769 436 1794 non
448 1759 602 1804 sumptuosum,
616 1756 736 1794 acdeorum
749 1757 867 1805 paupertati
880 1761 901 1795 et
913 1758 982 1795 multi-

268 1817 338 1854 tudini
354 1816 404 1854 satis
422 1815 552 1864 conveniens,
566 1815 700 1854 inhonorem
716 1819 799 1853 sanotae
815 1816 855 1853 Dei
868 1817 981 1864 genitricis,

269 1877 329 1914 cuius
342 1875 437 1913 habitum
445 1875 545 1924 gerebant
553 1879 574 1913 et
582 1875 677 1924 titulum,
692 1878 814 1913 extructum
827 1879 870 1913 est:
885 1878 982 1915 devotum

268 1935 334 1983 valde,
355 1939 376 1972 et
393 1936 462 1972 Deum
480 1935 514 1973 sui
532 1935 670 1973 habitatorem
689 1945 733 1972 esse
751 1934 884 1973 intuentibus
902 1936 982 1974 demon-

268 1999 346 2033 strans.
354 2020 371 2032 ..
381 2007 399 2031 n.
412 1995 457 2031 Fol.
471 1995 501 2041 10,
515 1994 551 2031 10’.

292 2054 362 2092 Abbas
375 2054 477 2092 Patritius
489 2054 522 2102 pie
535 2053 587 2091 obiit
599 2054 621 2092 in
633 2053 729 2101 Domino,
743 2066 796 2091 anno
811 2054 943 2092 13110111.
957 2056 981 2092 A.

267 2114 383 2163 Bnnronm,
405 2114 534 2159 Obroaclopz'c
552 2114 620 2161 brente,
638 2113 755 2160 Mediolani,
773 2114 895 2162 MDOOXX,
912 2127 932 2162 p.
947 2116 981 2162 123

268 2174 292 2211 (l.
300 2174 413 2221 Bncnnnu,
422 2173 708 2221 1101009001Βεποάίσῑίηωη,
717 2171 851 2221 Veldkirchii,
859 2173 887 2211 M.
894 2174 933 2212 De.
940 2173 981 2219 LV,

268 2233 300 2270 die
309 2232 370 2271 XVII
382 2233 460 2281 Martii,
470 2246 489 2281 p.
499 2233 541 2270 201,
552 2232 628 2280 Toum,
638 2232 652 2268 I
654 2233 707 2278 fasti
715 2233 814 2279 olivetani,
824 2232 918 2281 Venetia,
929 2234 981 2280 1684,

267 2305 313 2341 pag.
328 2293 366 2330 5-1,
819 2329 821 2332 .

292 2353 318 2401 (1)
331 2352 461 2400 Ambrosius,
476 2364 502 2390 ex
514 2351 580 2390 nobili
596 2351 736 2389 Pioolominea
752 2355 821 2400 geute,
839 2352 896 2390 Senis
913 2355 981 2400 natus,

268 2413 347 2450 electus
364 2412 407 2449 fuit
423 2414 445 2449 in
461 2411 564 2449 Abbatem
580 2410 658 2448 Montis
675 2411 756 2459 Oliveti,
778 2412 878 2450 Kalendis
894 2411 983 2461 Septem-

267 2472 310 2509 bris
323 2472 377 2520 1320,
391 2476 413 2509 et
430 2471 554 2509 obdormivit
570 2471 593 2508 in
610 2471 663 2507 bona
674 2482 731 2520 pace,
749 2483 803 2509 anno
821 2472 872 2509 1338.
886 2471 917 2509 ef.
931 2473 982 2509 But-

267 2541 338 2580 rorm,
357 2544 387 2579 op.
405 2533 445 2579 ota,
462 2544 482 2580 p.
497 2532 533 2579 13,-
552 2531 711 2578 cineraceam,
725 2531 747 2568 Β,
762 2531 904 2569 Be1·nardi....
923 2531 982 2569 Vitae

267 2591 326 2629 Libri
344 2591 442 2641 quinque,
460 2591 554 2640 Neapoli,
573 2590 627 2639 1642,
645 2590 684 2638 ΙΙΙ,
701 2604 720 2640 p.
738 2591 783 2639 1605
801 2591 878 2639 Toum,
897 2603 927 2639 op.
941 2592 981 2637 ott,

267 2663 312 2699 pag.
327 2652 365 2688 7-9.
736 2650 738 2654 ⁴

291 2710 317 2759 (2)
331 2710 400 2748 Simon
413 2710 491 2748 Turius
504 2711 606 2758 Senensis,
616 2710 678 2748 abbas
687 2709 820 2748 renuntiatus
829 2710 928 2747 Kalendis
937 2709 982 2756 Sep-

268 2769 419 2819 censualem,
434 2770 509 2808 coelum
521 2770 582 2819 petiit
594 2782 648 2808 anno
661 2770 714 2808 1348.
727 2770 757 2807 ef.
767 2771 883 2818 Berraum,
898 2771 980 2817 open..

268 2841 287 2876 p.
301 2829 333 2878 143
348 2829 507 2879 Onnrnummro,
522 2843 551 2878 op.
563 2831 604 2880 cia,
618 2829 657 2879 ΙΙΙ,
668 2831 713 2880 1613
724 2830 800 2879 Toum,
811 2841 841 2879 cp.
851 2830 891 2879 cia,
900 2841 920 2878 p.
931 2829 979 2868 9-11.
